<?xml version="1.0" encoding="UTF-8"?>
<!DOCTYPE html PUBLIC "-//W3C//DTD XHTML 1.0 Transitional//EN"
    "http://www.w3.org/TR/xhtml1/DTD/xhtml1-transitional.dtd">
<html xmlns="http://www.w3.org/1999/xhtml" xml:lang="en" lang="en">
 <head>
  <title>
</title>
<meta http-equiv="Content-Type" content="text/html;charset=utf-8" />
  <meta name='ocr-system' content='tesseract 3.04.00' />
  <meta name='ocr-capabilities' content='ocr_page ocr_carea ocr_par ocr_line ocrx_word'/>
</head>
<body>
  <div class='ocr_page' id='page_1' title='image "./gajijuliicaesar00whitgoog_0092.png"; bbox 0 0 2967 4609; ppageno 0'>
   <div class='ocr_carea' id='block_1_1' title="bbox 267 309 965 401">
    <p class='ocr_par' dir='ltr' id='par_1_1' title="bbox 267 309 965 401">
     <span class='ocr_line' id='line_1_1' title="bbox 267 309 965 401; baseline 0.004 -40"><span class='ocrx_word' id='word_1_1' title='bbox 267 322 309 379; x_wconf 75' lang='lat'>80</span> <span class='ocrx_word' id='word_1_2' title='bbox 566 312 619 365; x_wconf 86' lang='lat' dir='ltr'>DE</span> <span class='ocrx_word' id='word_1_3' title='bbox 637 309 766 401; x_wconf 73' lang='lat' dir='ltr'>BnLLO</span> <span class='ocrx_word' id='word_1_4' title='bbox 786 310 965 365; x_wconf 81' lang='lat' dir='ltr'><strong>GALLIGO.</strong></span> 
     </span>
    </p>
   </div>
   <div class='ocr_carea' id='block_1_2' title="bbox 266 489 1276 994">
    <p class='ocr_par' dir='ltr' id='par_1_2' title="bbox 266 489 1276 910">
     <span class='ocr_line' id='line_1_2' title="bbox 267 489 1276 566; baseline -0.001 -17"><span class='ocrx_word' id='word_1_5' title='bbox 267 492 348 549; x_wconf 91' lang='lat' dir='ltr'>inter</span> <span class='ocrx_word' id='word_1_6' title='bbox 377 510 410 549; x_wconf 89' lang='lat' dir='ltr'>se</span> <span class='ocrx_word' id='word_1_7' title='bbox 445 489 664 564; x_wconf 75' lang='lat' dir='ltr'><strong>constitissent,</strong></span> <span class='ocrx_word' id='word_1_8' title='bbox 698 509 779 548; x_wconf 89' lang='lat' dir='ltr'>novo</span> <span class='ocrx_word' id='word_1_9' title='bbox 812 508 924 565; x_wconf 82' lang='lat' dir='ltr'>genere</span> <span class='ocrx_word' id='word_1_10' title='bbox 959 508 1071 566; x_wconf 88' lang='lat' dir='ltr'>pugnae</span> <span class='ocrx_word' id='word_1_11' title='bbox 1105 490 1276 566; x_wconf 86' lang='lat' dir='ltr'>perterritis</span> 
     </span>
     <span class='ocr_line' id='line_1_3' title="bbox 267 574 1276 653; baseline -0.001 -18"><span class='ocrx_word' id='word_1_12' title='bbox 267 576 382 635; x_wconf 88' lang='lat' dir='ltr'>nostris</span> <span class='ocrx_word' id='word_1_13' title='bbox 404 596 460 653; x_wconf 89' lang='lat' dir='ltr'>per</span> <span class='ocrx_word' id='word_1_14' title='bbox 481 574 597 634; x_wconf 90' lang='lat' dir='ltr'>medios</span> <span class='ocrx_word' id='word_1_15' title='bbox 620 575 823 633; x_wconf 79' lang='lat' dir='ltr'>audacissime</span> <span class='ocrx_word' id='word_1_16' title='bbox 849 581 1054 652; x_wconf 76' lang='lat' dir='ltr'>perrupertmt</span> <span class='ocrx_word' id='word_1_17' title='bbox 1084 594 1178 649; x_wconf 90' lang='lat' dir='ltr'>seque</span> <span class='ocrx_word' id='word_1_18' title='bbox 1204 575 1276 635; x_wconf 87' lang='lat' dir='ltr'>inde</span> 
     </span>
     <span class='ocr_line' id='line_1_4' title="bbox 268 660 1275 739; baseline 0 -20"><span class='ocrx_word' id='word_1_19' title='bbox 268 661 436 720; x_wconf 80' lang='lat' dir='ltr'>incolumes</span> <span class='ocrx_word' id='word_1_20' title='bbox 458 667 648 739; x_wconf 86' lang='lat' dir='ltr'>receperunt.</span> <span class='ocrx_word' id='word_1_21' title='bbox 682 661 746 737; x_wconf 65' lang='lat' dir='ltr'>⁴Eo</span> <span class='ocrx_word' id='word_1_22' title='bbox 776 661 825 718; x_wconf 89' lang='lat' dir='ltr'>die</span> <span class='ocrx_word' id='word_1_23' title='bbox 854 660 890 731; x_wconf 75' lang='lat' dir='ltr'>Q.</span> <span class='ocrx_word' id='word_1_24' title='bbox 914 660 1066 719; x_wconf 85' lang='lat' dir='ltr'>Laberius</span> <span class='ocrx_word' id='word_1_25' title='bbox 1087 660 1194 719; x_wconf 92' lang='lat' dir='ltr'>Durus</span> <span class='ocrx_word' id='word_1_26' title='bbox 1221 662 1275 719; x_wconf 90' lang='lat' dir='ltr'>tri·</span> 
     </span>
     <span class='ocr_line' id='line_1_5' title="bbox 267 745 1274 823; baseline 0.001 -19"><span class='ocrx_word' id='word_1_27' title='bbox 267 747 367 804; x_wconf 87' lang='lat' dir='ltr'>bunus</span> <span class='ocrx_word' id='word_1_28' title='bbox 389 746 520 804; x_wconf 90' lang='lat' dir='ltr'>militum</span> <span class='ocrx_word' id='word_1_29' title='bbox 542 745 732 804; x_wconf 87' lang='lat' dir='ltr'>interficitur.</span> <span class='ocrx_word' id='word_1_30' title='bbox 784 745 837 803; x_wconf 90' lang='lat' dir='ltr'>Illi</span> <span class='ocrx_word' id='word_1_31' title='bbox 862 746 1002 823; x_wconf 85' lang='lat' dir='ltr'>pluribus</span> <span class='ocrx_word' id='word_1_32' title='bbox 1031 746 1203 805; x_wconf 87' lang='lat' dir='ltr'>summissis</span> <span class='ocrx_word' id='word_1_33' title='bbox 1226 766 1274 805; x_wconf 93' lang='grc'>00-</span> 
     </span>
     <span class='ocr_line' id='line_1_6' title="bbox 266 832 626 910; baseline -0.006 -19"><span class='ocrx_word' id='word_1_34' title='bbox 266 832 406 891; x_wconf 85' lang='lat' dir='ltr'>hortibus</span> <span class='ocrx_word' id='word_1_35' title='bbox 428 832 626 910; x_wconf 90' lang='lat' dir='ltr'>repelluntur.</span> 
     </span>
    </p>

    <p class='ocr_par' dir='ltr' id='par_1_3' title="bbox 352 916 1274 994">
     <span class='ocr_line' id='line_1_7' title="bbox 352 916 1274 994; baseline 0 -19"><span class='ocrx_word' id='word_1_36' title='bbox 352 916 442 977; x_wconf 90' lang='lat' dir='ltr'>XVI.</span> <span class='ocrx_word' id='word_1_37' title='bbox 487 918 565 975; x_wconf 83' lang='lat' dir='ltr'>Toto</span> <span class='ocrx_word' id='word_1_38' title='bbox 586 918 644 975; x_wconf 96' lang='grc'>1100</span> <span class='ocrx_word' id='word_1_39' title='bbox 667 918 698 975; x_wconf 93' lang='grc'>10</span> <span class='ocrx_word' id='word_1_40' title='bbox 721 936 834 993; x_wconf 83' lang='lat' dir='ltr'>genere</span> <span class='ocrx_word' id='word_1_41' title='bbox 855 936 977 994; x_wconf 81' lang='lat' dir='ltr'>pugnes,</span> <span class='ocrx_word' id='word_1_42' title='bbox 1002 936 1095 991; x_wconf 91' lang='lat' dir='ltr'>quum</span> <span class='ocrx_word' id='word_1_43' title='bbox 1117 917 1181 975; x_wconf 89' lang='lat' dir='ltr'>sub&#39;</span> <span class='ocrx_word' id='word_1_44' title='bbox 1204 936 1274 975; x_wconf 88' lang='lat' dir='ltr'>ocu·</span> 
     </span>
    </p>
   </div>
   <div class='ocr_carea' id='block_1_3' title="bbox 171 1001 1275 1080">
    <p class='ocr_par' dir='ltr' id='par_1_4' title="bbox 171 1001 1275 1080">
     <span class='ocr_line' id='line_1_8' title="bbox 171 1001 1275 1080; baseline 0 -20"><span class='ocrx_word' id='word_1_45' title='bbox 171 1002 175 1013; x_wconf 83' lang='grc'>’</span> <span class='ocrx_word' id='word_1_46' title='bbox 266 1002 305 1060; x_wconf 89' lang='lat' dir='ltr'>lis</span> <span class='ocrx_word' id='word_1_47' title='bbox 328 1003 519 1075; x_wconf 86' lang='grc'>0100100100</span> <span class='ocrx_word' id='word_1_48' title='bbox 552 1023 607 1080; x_wconf 92' lang='lat' dir='ltr'>pro</span> <span class='ocrx_word' id='word_1_49' title='bbox 639 1003 749 1061; x_wconf 84' lang='lat' dir='ltr'>eastris</span> <span class='ocrx_word' id='word_1_50' title='bbox 780 1001 985 1076; x_wconf 80' lang='lat' dir='ltr'>dimicaretur,</span> <span class='ocrx_word' id='word_1_51' title='bbox 1014 1002 1204 1061; x_wconf 88' lang='lat' dir='ltr'>intellectum</span> <span class='ocrx_word' id='word_1_52' title='bbox 1226 1011 1275 1060; x_wconf 92' lang='lat' dir='ltr'>est</span> 
     </span>
    </p>
   </div>
   <div class='ocr_carea' id='block_1_4' title="bbox 264 1087 1274 2022">
    <p class='ocr_par' dir='ltr' id='par_1_5' title="bbox 264 1087 1274 2022">
     <span class='ocr_line' id='line_1_9' title="bbox 266 1087 1273 1167; baseline 0.002 -22"><span class='ocrx_word' id='word_1_53' title='bbox 266 1095 388 1147; x_wconf 92' lang='lat' dir='ltr'>nostros</span> <span class='ocrx_word' id='word_1_54' title='bbox 415 1096 542 1167; x_wconf 86' lang='lat' dir='ltr'>propter</span> <span class='ocrx_word' id='word_1_55' title='bbox 558 1088 741 1165; x_wconf 85' lang='lat' dir='ltr'>gravitatem</span> <span class='ocrx_word' id='word_1_56' title='bbox 763 1108 929 1162; x_wconf 91' lang='lat' dir='ltr'>armorum,</span> <span class='ocrx_word' id='word_1_57' title='bbox 960 1087 1041 1162; x_wconf 89' lang='lat' dir='ltr'>quod</span> <span class='ocrx_word' id='word_1_58' title='bbox 1069 1107 1167 1162; x_wconf 90' lang='lat' dir='ltr'>neque</span> <span class='ocrx_word' id='word_1_59' title='bbox 1194 1088 1273 1147; x_wconf 90' lang='lat' dir='ltr'>inse·</span> 
     </span>
     <span class='ocr_line' id='line_1_10' title="bbox 267 1172 1273 1252; baseline 0.001 -21"><span class='ocrx_word' id='word_1_60' title='bbox 267 1174 319 1248; x_wconf 93' lang='lat' dir='ltr'>qui</span> <span class='ocrx_word' id='word_1_61' title='bbox 342 1173 488 1233; x_wconf 85' lang='lat' dir='ltr'>cedentes</span> <span class='ocrx_word' id='word_1_62' title='bbox 510 1181 646 1252; x_wconf 88' lang='lat' dir='ltr'>possent,</span> <span class='ocrx_word' id='word_1_63' title='bbox 676 1193 775 1249; x_wconf 90' lang='lat' dir='ltr'>neque</span> <span class='ocrx_word' id='word_1_64' title='bbox 803 1174 841 1231; x_wconf 93' lang='lat' dir='ltr'>ab</span> <span class='ocrx_word' id='word_1_65' title='bbox 870 1172 967 1249; x_wconf 87' lang='lat' dir='ltr'>signis</span> <span class='ocrx_word' id='word_1_66' title='bbox 996 1173 1154 1231; x_wconf 88' lang='lat' dir='ltr'>discedere</span> <span class='ocrx_word' id='word_1_67' title='bbox 1182 1173 1273 1232; x_wconf 89' lang='lat' dir='ltr'>aude-</span> 
     </span>
     <span class='ocr_line' id='line_1_11' title="bbox 266 1258 1273 1337; baseline 0 -20"><span class='ocrx_word' id='word_1_68' title='bbox 266 1267 343 1335; x_wconf 89' lang='lat' dir='ltr'>rent,</span> <span class='ocrx_word' id='word_1_69' title='bbox 367 1260 466 1318; x_wconf 91' lang='lat' dir='ltr'>minus</span> <span class='ocrx_word' id='word_1_70' title='bbox 490 1265 578 1337; x_wconf 91' lang='lat' dir='ltr'>aptos</span> <span class='ocrx_word' id='word_1_71' title='bbox 601 1278 670 1319; x_wconf 90' lang='lat' dir='ltr'>esse</span> <span class='ocrx_word' id='word_1_72' title='bbox 694 1260 733 1317; x_wconf 91' lang='lat' dir='ltr'>ad</span> <span class='ocrx_word' id='word_1_73' title='bbox 755 1259 846 1335; x_wconf 86' lang='lat' dir='ltr'>hujus</span> <span class='ocrx_word' id='word_1_74' title='bbox 874 1258 996 1335; x_wconf 88' lang='lat' dir='ltr'>generis</span> <span class='ocrx_word' id='word_1_75' title='bbox 1024 1259 1159 1332; x_wconf 77' lang='lat' dir='ltr'>hostem,</span> <span class='ocrx_word' id='word_1_76' title='bbox 1191 1260 1273 1334; x_wconf 93' lang='lat' dir='ltr'>equi-</span> 
     </span>
     <span class='ocr_line' id='line_1_12' title="bbox 266 1344 1273 1422; baseline 0.001 -20"><span class='ocrx_word' id='word_1_77' title='bbox 266 1352 315 1403; x_wconf 92' lang='lat' dir='ltr'>tes</span> <span class='ocrx_word' id='word_1_78' title='bbox 349 1351 451 1403; x_wconf 90' lang='lat' dir='ltr'>autem</span> <span class='ocrx_word' id='word_1_79' title='bbox 478 1366 587 1421; x_wconf 90' lang='lat' dir='ltr'>magno</span> <span class='ocrx_word' id='word_1_80' title='bbox 618 1365 686 1403; x_wconf 88' lang='lat' dir='ltr'>eum</span> <span class='ocrx_word' id='word_1_81' title='bbox 715 1345 851 1422; x_wconf 88' lang='lat' dir='ltr'>periculo</span> <span class='ocrx_word' id='word_1_82' title='bbox 874 1344 981 1422; x_wconf 87' lang='lat' dir='ltr'>proelio</span> <span class='ocrx_word' id='word_1_83' title='bbox 1006 1344 1160 1419; x_wconf 89' lang='lat' dir='ltr'>dimicare,</span> <span class='ocrx_word' id='word_1_84' title='bbox 1183 1365 1273 1421; x_wconf 90' lang='lat' dir='ltr'>prop-</span> 
     </span>
     <span class='ocr_line' id='line_1_13' title="bbox 266 1430 1272 1508; baseline 0.001 -21"><span class='ocrx_word' id='word_1_85' title='bbox 266 1436 350 1488; x_wconf 88' lang='lat' dir='ltr'>terea</span> <span class='ocrx_word' id='word_1_86' title='bbox 373 1430 455 1504; x_wconf 90' lang='lat' dir='ltr'>quod</span> <span class='ocrx_word' id='word_1_87' title='bbox 490 1431 534 1489; x_wconf 88' lang='lat' dir='ltr'>illi</span> <span class='ocrx_word' id='word_1_88' title='bbox 564 1431 654 1489; x_wconf 90' lang='lat' dir='ltr'>etiam</span> <span class='ocrx_word' id='word_1_89' title='bbox 689 1431 827 1490; x_wconf 86' lang='lat' dir='ltr'>consulto</span> <span class='ocrx_word' id='word_1_90' title='bbox 855 1430 1035 1508; x_wconf 89' lang='lat' dir='ltr'>plerumque</span> <span class='ocrx_word' id='word_1_91' title='bbox 1067 1430 1210 1488; x_wconf 85' lang='lat' dir='ltr'>cederent</span> <span class='ocrx_word' id='word_1_92' title='bbox 1232 1437 1272 1504; x_wconf 90' lang='lat' dir='ltr'>et,</span> 
     </span>
     <span class='ocr_line' id='line_1_14' title="bbox 267 1516 1274 1595; baseline 0.001 -23"><span class='ocrx_word' id='word_1_93' title='bbox 267 1535 358 1589; x_wconf 92' lang='lat' dir='ltr'>quum</span> <span class='ocrx_word' id='word_1_94' title='bbox 391 1517 515 1592; x_wconf 89' lang='lat' dir='ltr'>paulum</span> <span class='ocrx_word' id='word_1_95' title='bbox 549 1517 586 1575; x_wconf 90' lang='lat' dir='ltr'>ab</span> <span class='ocrx_word' id='word_1_96' title='bbox 620 1516 793 1595; x_wconf 87' lang='lat' dir='ltr'>legionibus</span> <span class='ocrx_word' id='word_1_97' title='bbox 826 1523 948 1575; x_wconf 91' lang='lat' dir='ltr'>nostros</span> <span class='ocrx_word' id='word_1_98' title='bbox 987 1516 1203 1588; x_wconf 86' lang='lat' dir='ltr'>removissent,</span> <span class='ocrx_word' id='word_1_99' title='bbox 1235 1535 1274 1573; x_wconf 84' lang='lat' dir='ltr'>ex</span> 
     </span>
     <span class='ocr_line' id='line_1_15' title="bbox 267 1600 1273 1680; baseline 0 -22"><span class='ocrx_word' id='word_1_100' title='bbox 267 1600 385 1659; x_wconf 90' lang='lat' dir='ltr'>essedis</span> <span class='ocrx_word' id='word_1_101' title='bbox 409 1601 568 1661; x_wconf 87' lang='lat' dir='ltr'>desilirent</span> <span class='ocrx_word' id='word_1_102' title='bbox 602 1609 632 1661; x_wconf 90' lang='lat' dir='ltr'>et</span> <span class='ocrx_word' id='word_1_103' title='bbox 659 1602 791 1680; x_wconf 89' lang='lat' dir='ltr'>pedibus</span> <span class='ocrx_word' id='word_1_104' title='bbox 825 1602 940 1679; x_wconf 87' lang='lat' dir='ltr'>dispari</span> <span class='ocrx_word' id='word_1_105' title='bbox 972 1601 1080 1680; x_wconf 81' lang='lat' dir='ltr'>proelio</span> <span class='ocrx_word' id='word_1_106' title='bbox 1110 1601 1273 1660; x_wconf 84' lang='lat' dir='ltr'>contende·</span> 
     </span>
     <span class='ocr_line' id='line_1_16' title="bbox 265 1686 1274 1765; baseline 0.001 -21"><span class='ocrx_word' id='word_1_107' title='bbox 265 1694 343 1745; x_wconf 89' lang='lat' dir='ltr'>rent.</span> <span class='ocrx_word' id='word_1_108' title='bbox 393 1687 556 1762; x_wconf 85' lang='lat' dir='ltr'>Equestris</span> <span class='ocrx_word' id='word_1_109' title='bbox 590 1695 692 1747; x_wconf 92' lang='lat' dir='ltr'>autem</span> <span class='ocrx_word' id='word_1_110' title='bbox 724 1687 826 1765; x_wconf 85' lang='lat' dir='ltr'>proelii</span> <span class='ocrx_word' id='word_1_111' title='bbox 858 1687 935 1745; x_wconf 89' lang='lat' dir='ltr'>ratio</span> <span class='ocrx_word' id='word_1_112' title='bbox 970 1694 1001 1746; x_wconf 93' lang='lat' dir='ltr'>et</span> <span class='ocrx_word' id='word_1_113' title='bbox 1035 1686 1213 1745; x_wconf 87' lang='lat' dir='ltr'>cedentibus</span> <span class='ocrx_word' id='word_1_114' title='bbox 1242 1694 1274 1745; x_wconf 91' lang='lat' dir='ltr'>et</span> 
     </span>
     <span class='ocr_line' id='line_1_17' title="bbox 264 1772 1272 1850; baseline 0.002 -21"><span class='ocrx_word' id='word_1_115' title='bbox 264 1772 497 1848; x_wconf 88' lang='lat' dir='ltr'>insequentibus</span> <span class='ocrx_word' id='word_1_116' title='bbox 520 1793 577 1850; x_wconf 92' lang='lat' dir='ltr'>par</span> <span class='ocrx_word' id='word_1_117' title='bbox 600 1781 691 1849; x_wconf 89' lang='lat' dir='ltr'>atque</span> <span class='ocrx_word' id='word_1_118' title='bbox 712 1774 794 1832; x_wconf 92' lang='lat' dir='ltr'>idem</span> <span class='ocrx_word' id='word_1_119' title='bbox 815 1772 984 1850; x_wconf 88' lang='lat' dir='ltr'>perieulum</span> <span class='ocrx_word' id='word_1_120' title='bbox 1005 1772 1167 1831; x_wconf 87' lang='lat' dir='ltr'>inferebat.</span> <span class='ocrx_word' id='word_1_121' title='bbox 1210 1773 1272 1831; x_wconf 89' lang='lat' dir='ltr'>Ac·</span> 
     </span>
     <span class='ocr_line' id='line_1_18' title="bbox 266 1856 1272 1934; baseline 0.002 -19"><span class='ocrx_word' id='word_1_122' title='bbox 266 1856 395 1917; x_wconf 84' lang='lat' dir='ltr'>cedebat</span> <span class='ocrx_word' id='word_1_123' title='bbox 416 1859 485 1934; x_wconf 90' lang='lat' dir='ltr'>hue,</span> <span class='ocrx_word' id='word_1_124' title='bbox 509 1866 544 1917; x_wconf 94' lang='lat' dir='ltr'>ut</span> <span class='ocrx_word' id='word_1_125' title='bbox 565 1879 721 1934; x_wconf 88' lang='lat' dir='ltr'>nunquam</span> <span class='ocrx_word' id='word_1_126' title='bbox 749 1857 888 1932; x_wconf 82' lang='lat' dir='ltr'>conferti,</span> <span class='ocrx_word' id='word_1_127' title='bbox 921 1857 977 1917; x_wconf 89' lang='lat' dir='ltr'>sed</span> <span class='ocrx_word' id='word_1_128' title='bbox 1004 1859 1065 1916; x_wconf 89' lang='lat' dir='ltr'>rari</span> <span class='ocrx_word' id='word_1_129' title='bbox 1093 1858 1272 1934; x_wconf 87' lang='lat' dir='ltr'>magnisque</span> 
     </span>
     <span class='ocr_line' id='line_1_19' title="bbox 264 1942 1273 2022; baseline 0.002 -23"><span class='ocrx_word' id='word_1_130' title='bbox 264 1942 434 2003; x_wconf 87' lang='lat' dir='ltr'>intervallis</span> <span class='ocrx_word' id='word_1_131' title='bbox 456 1944 671 2022; x_wconf 87' lang='lat' dir='ltr'>proeliaren&#39;tur</span> <span class='ocrx_word' id='word_1_132' title='bbox 693 1945 902 2019; x_wconf 88' lang='lat' dir='ltr'>stationesque</span> <span class='ocrx_word' id='word_1_133' title='bbox 931 1943 1097 2020; x_wconf 87' lang='lat' dir='ltr'>dispositas</span> <span class='ocrx_word' id='word_1_134' title='bbox 1124 1944 1273 2001; x_wconf 87' lang='lat' dir='ltr'>haberent</span> 
     </span>
    </p>
   </div>
   <div class='ocr_carea' id='block_1_5' title="bbox 161 2028 1269 2115">
    <p class='ocr_par' dir='ltr' id='par_1_6' title="bbox 161 2028 1269 2115">
     <span class='ocr_line' id='line_1_20' title="bbox 161 2028 1269 2115; baseline 0.003 -31"><span class='ocrx_word' id='word_1_135' title='bbox 161 2029 165 2036; x_wconf 87' lang='lat'>&#39;</span> <span class='ocrx_word' id='word_1_136' title='bbox 266 2035 357 2102; x_wconf 89' lang='lat' dir='ltr'>atque</span> <span class='ocrx_word' id='word_1_137' title='bbox 381 2028 456 2087; x_wconf 89' lang='lat' dir='ltr'>alios</span> <span class='ocrx_word' id='word_1_138' title='bbox 480 2030 531 2088; x_wconf 88' lang='lat' dir='ltr'>alii</span> <span class='ocrx_word' id='word_1_139' title='bbox 550 2029 695 2108; x_wconf 91' lang='lat' dir='ltr'>deinceps</span> <span class='ocrx_word' id='word_1_140' title='bbox 719 2031 895 2115; x_wconf 85' lang='lat' dir='ltr'>exciperent</span> <span class='ocrx_word' id='word_1_141' title='bbox 916 2030 1088 2106; x_wconf 87' lang='lat' dir='ltr'>integrique</span> <span class='ocrx_word' id='word_1_142' title='bbox 1112 2036 1142 2087; x_wconf 93' lang='lat' dir='ltr'>et</span> <span class='ocrx_word' id='word_1_143' title='bbox 1164 2048 1269 2087; x_wconf 89' lang='lat' dir='ltr'>reeen-</span> 
     </span>
    </p>
   </div>
   <div class='ocr_carea' id='block_1_6' title="bbox 263 2112 1272 2362">
    <p class='ocr_par' dir='ltr' id='par_1_7' title="bbox 263 2112 1272 2362">
     <span class='ocr_line' id='line_1_21' title="bbox 264 2112 746 2191; baseline 0.008 -22"><span class='ocrx_word' id='word_1_144' title='bbox 264 2119 312 2170; x_wconf 89' lang='lat' dir='ltr'>tes</span> <span class='ocrx_word' id='word_1_145' title='bbox 336 2112 514 2191; x_wconf 83' lang='lat' dir='ltr'>defatigatis</span> <span class='ocrx_word' id='word_1_146' title='bbox 538 2116 746 2183; x_wconf 81' lang='lat' dir='ltr'>succederent.</span> 
     </span>
     <span class='ocr_line' id='line_1_22' title="bbox 350 2198 1270 2278; baseline 0 -22"><span class='ocrx_word' id='word_1_147' title='bbox 350 2198 457 2257; x_wconf 90' lang='lat' dir='ltr'><strong>XVII.</strong></span> <span class='ocrx_word' id='word_1_148' title='bbox 491 2200 619 2259; x_wconf 90' lang='lat' dir='ltr'>Postero</span> <span class='ocrx_word' id='word_1_149' title='bbox 644 2200 692 2259; x_wconf 87' lang='lat' dir='ltr'>die</span> <span class='ocrx_word' id='word_1_150' title='bbox 714 2201 822 2278; x_wconf 86' lang='lat' dir='ltr'>procul</span> <span class='ocrx_word' id='word_1_151' title='bbox 840 2222 857 2258; x_wconf 88' lang='lat' dir='ltr'>a</span> <span class='ocrx_word' id='word_1_152' title='bbox 875 2200 984 2259; x_wconf 87' lang='lat' dir='ltr'>castris</span> <span class='ocrx_word' id='word_1_153' title='bbox 1006 2200 1112 2259; x_wconf 92' lang='lat' dir='ltr'>hostes</span> <span class='ocrx_word' id='word_1_154' title='bbox 1133 2200 1166 2257; x_wconf 93' lang='lat' dir='ltr'>in</span> <span class='ocrx_word' id='word_1_155' title='bbox 1188 2199 1270 2258; x_wconf 89' lang='grc'>00111-</span> 
     </span>
     <span class='ocr_line' id='line_1_23' title="bbox 263 2283 1272 2362; baseline 0.003 -22"><span class='ocrx_word' id='word_1_156' title='bbox 263 2283 322 2341; x_wconf 88' lang='lat' dir='ltr'>bus</span> <span class='ocrx_word' id='word_1_157' title='bbox 353 2286 556 2344; x_wconf 89' lang='lat' dir='ltr'>constiterunt</span> <span class='ocrx_word' id='word_1_158' title='bbox 589 2286 710 2362; x_wconf 90' lang='lat' dir='ltr'>rarique</span> <span class='ocrx_word' id='word_1_159' title='bbox 739 2306 773 2345; x_wconf 91' lang='lat' dir='ltr'>se</span> <span class='ocrx_word' id='word_1_160' title='bbox 802 2285 966 2345; x_wconf 88' lang='lat' dir='ltr'>ostendere</span> <span class='ocrx_word' id='word_1_161' title='bbox 994 2293 1024 2344; x_wconf 89' lang='lat' dir='ltr'>et</span> <span class='ocrx_word' id='word_1_162' title='bbox 1051 2286 1151 2345; x_wconf 91' lang='lat' dir='ltr'>lenius</span> <span class='ocrx_word' id='word_1_163' title='bbox 1181 2305 1272 2359; x_wconf 89' lang='lat' dir='ltr'>quam</span> 
     </span>
    </p>
   </div>
   <div class='ocr_carea' id='block_1_7' title="bbox 264 2368 1336 2453">
    <p class='ocr_par' dir='ltr' id='par_1_8' title="bbox 264 2368 1336 2453">
     <span class='ocr_line' id='line_1_24' title="bbox 264 2368 1336 2453; baseline 0.003 -27"><span class='ocrx_word' id='word_1_164' title='bbox 264 2368 362 2445; x_wconf 90' lang='lat' dir='ltr'>pridie</span> <span class='ocrx_word' id='word_1_165' title='bbox 384 2378 507 2431; x_wconf 89' lang='lat' dir='ltr'>nostros</span> <span class='ocrx_word' id='word_1_166' title='bbox 530 2372 649 2449; x_wconf 90' lang='lat' dir='ltr'>equites</span> <span class='ocrx_word' id='word_1_167' title='bbox 671 2372 779 2450; x_wconf 90' lang='lat' dir='ltr'>proelio</span> <span class='ocrx_word' id='word_1_168' title='bbox 807 2372 960 2430; x_wconf 88' lang='lat' dir='ltr'>lacessere</span> <span class='ocrx_word' id='word_1_169' title='bbox 989 2379 1155 2449; x_wconf 86' lang='lat' dir='ltr'>coeperunt.</span> <span class='ocrx_word' id='word_1_170' title='bbox 1207 2370 1269 2429; x_wconf 86' lang='lat' dir='ltr'>Sed</span> <span class='ocrx_word' id='word_1_171' title='bbox 1331 2448 1336 2453; x_wconf 20' lang='grc' dir='ltr'>ι</span> 
     </span>
    </p>
   </div>
   <div class='ocr_carea' id='block_1_8' title="bbox 263 2454 1268 2535">
    <p class='ocr_par' dir='ltr' id='par_1_9' title="bbox 263 2454 1268 2535">
     <span class='ocr_line' id='line_1_25' title="bbox 263 2454 1268 2535; baseline 0.004 -24"><span class='ocrx_word' id='word_1_172' title='bbox 263 2454 398 2531; x_wconf 88' lang='lat' dir='ltr'>meridie,</span> <span class='ocrx_word' id='word_1_173' title='bbox 422 2478 515 2532; x_wconf 88' lang='lat' dir='ltr'>quum</span> <span class='ocrx_word' id='word_1_174' title='bbox 539 2457 644 2517; x_wconf 83' lang='lat' dir='ltr'>Oaesar</span> <span class='ocrx_word' id='word_1_175' title='bbox 665 2458 832 2535; x_wconf 90' lang='lat' dir='ltr'>pabulandi</span> <span class='ocrx_word' id='word_1_176' title='bbox 854 2477 947 2516; x_wconf 87' lang='lat' dir='ltr'>causa</span> <span class='ocrx_word' id='word_1_177' title='bbox 973 2463 1038 2515; x_wconf 88' lang='lat' dir='ltr'>tres</span> <span class='ocrx_word' id='word_1_178' title='bbox 1064 2456 1201 2533; x_wconf 87' lang='lat' dir='ltr'>legiones</span> <span class='ocrx_word' id='word_1_179' title='bbox 1223 2464 1268 2515; x_wconf 86' lang='lat' dir='ltr'>at-</span> 
     </span>
    </p>
   </div>
   <div class='ocr_carea' id='block_1_9' title="bbox 230 2536 1304 2619">
    <p class='ocr_par' dir='ltr' id='par_1_10' title="bbox 230 2536 1304 2619">
     <span class='ocr_line' id='line_1_26' title="bbox 230 2536 1304 2619; baseline 0.004 -22"><span class='ocrx_word' id='word_1_180' title='bbox 230 2536 233 2541; x_wconf 75' lang='grc'><em>’</em></span> <span class='ocrx_word' id='word_1_181' title='bbox 263 2559 322 2613; x_wconf 88' lang='lat' dir='ltr'>que</span> <span class='ocrx_word' id='word_1_182' title='bbox 346 2561 463 2601; x_wconf 91' lang='lat' dir='ltr'>ornnem</span> <span class='ocrx_word' id='word_1_183' title='bbox 487 2544 656 2619; x_wconf 90' lang='lat' dir='ltr'>equitatum</span> <span class='ocrx_word' id='word_1_184' title='bbox 678 2564 747 2603; x_wconf 90' lang='lat' dir='ltr'>eum</span> <span class='ocrx_word' id='word_1_185' title='bbox 770 2544 807 2602; x_wconf 82' lang='lat' dir='ltr'>G.</span> <span class='ocrx_word' id='word_1_186' title='bbox 826 2543 976 2601; x_wconf 80' lang='lat' dir='ltr'>Trebonio</span> <span class='ocrx_word' id='word_1_187' title='bbox 999 2542 1100 2619; x_wconf 91' lang='lat' dir='ltr'>legato</span> <span class='ocrx_word' id='word_1_188' title='bbox 1123 2543 1267 2618; x_wconf 87' lang='lat' dir='ltr'>misisset,</span> <span class='ocrx_word' id='word_1_189' title='bbox 1300 2568 1304 2571; x_wconf 89' lang='lat'><strong>·</strong></span> 
     </span>
    </p>
   </div>
   <div class='ocr_carea' id='block_1_10' title="bbox 203 2628 1268 3734">
    <p class='ocr_par' dir='ltr' id='par_1_11' title="bbox 203 2628 1268 3537">
     <span class='ocr_line' id='line_1_27' title="bbox 263 2628 1267 2707; baseline 0.007 -27"><span class='ocrx_word' id='word_1_190' title='bbox 263 2633 389 2702; x_wconf 87' lang='lat' dir='ltr'>repente</span> <span class='ocrx_word' id='word_1_191' title='bbox 413 2647 449 2686; x_wconf 90' lang='lat' dir='ltr'>ex</span> <span class='ocrx_word' id='word_1_192' title='bbox 473 2630 613 2688; x_wconf 88' lang='lat' dir='ltr'>omnibus</span> <span class='ocrx_word' id='word_1_193' title='bbox 641 2630 781 2707; x_wconf 87' lang='lat' dir='ltr'>partibus</span> <span class='ocrx_word' id='word_1_194' title='bbox 812 2628 851 2686; x_wconf 92' lang='lat' dir='ltr'>ad</span> <span class='ocrx_word' id='word_1_195' title='bbox 878 2628 1076 2706; x_wconf 89' lang='lat' dir='ltr'>pabulatores</span> <span class='ocrx_word' id='word_1_196' title='bbox 1106 2628 1267 2688; x_wconf 83' lang='lat' dir='ltr'>advolave-</span> 
     </span>
     <span class='ocr_line' id='line_1_28' title="bbox 262 2712 1266 2790; baseline 0.005 -24"><span class='ocrx_word' id='word_1_197' title='bbox 262 2716 344 2784; x_wconf 87' lang='lat' dir='ltr'>runt,</span> <span class='ocrx_word' id='word_1_198' title='bbox 375 2712 420 2769; x_wconf 90' lang='lat' dir='ltr'>sic</span> <span class='ocrx_word' id='word_1_199' title='bbox 452 2714 498 2770; x_wconf 94' lang='lat' dir='ltr'>uti</span> <span class='ocrx_word' id='word_1_200' title='bbox 526 2714 563 2773; x_wconf 91' lang='lat' dir='ltr'>ab</span> <span class='ocrx_word' id='word_1_201' title='bbox 594 2715 689 2790; x_wconf 87' lang='lat' dir='ltr'>signis</span> <span class='ocrx_word' id='word_1_202' title='bbox 716 2714 949 2790; x_wconf 88' lang='lat' dir='ltr'>legionibusque</span> <span class='ocrx_word' id='word_1_203' title='bbox 983 2734 1045 2771; x_wconf 93' lang='grc'>000</span> <span class='ocrx_word' id='word_1_204' title='bbox 1073 2713 1266 2773; x_wconf 88' lang='lat' dir='ltr'>absisterent.</span> 
     </span>
     <span class='ocr_line' id='line_1_29' title="bbox 203 2794 1268 2877; baseline 0.007 -26"><span class='ocrx_word' id='word_1_205' title='bbox 203 2806 207 2811; x_wconf 89' lang='grc'><em>“</em></span> <span class='ocrx_word' id='word_1_206' title='bbox 262 2794 369 2853; x_wconf 87' lang='lat' dir='ltr'>Nostri</span> <span class='ocrx_word' id='word_1_207' title='bbox 403 2797 514 2855; x_wconf 87' lang='lat' dir='ltr'>aeriter</span> <span class='ocrx_word' id='word_1_208' title='bbox 542 2799 574 2857; x_wconf 93' lang='lat' dir='ltr'>in</span> <span class='ocrx_word' id='word_1_209' title='bbox 608 2819 660 2858; x_wconf 90' lang='lat' dir='ltr'>eos</span> <span class='ocrx_word' id='word_1_210' title='bbox 693 2799 810 2877; x_wconf 90' lang='lat' dir='ltr'>impetu</span> <span class='ocrx_word' id='word_1_211' title='bbox 843 2799 926 2858; x_wconf 85' lang='lat' dir='ltr'>facto</span> <span class='ocrx_word' id='word_1_212' title='bbox 960 2799 1136 2876; x_wconf 91' lang='lat' dir='ltr'>repulerunt</span> <span class='ocrx_word' id='word_1_213' title='bbox 1169 2820 1268 2876; x_wconf 89' lang='lat' dir='ltr'>neque</span> 
     </span>
     <span class='ocr_line' id='line_1_30' title="bbox 262 2878 1265 2959; baseline 0.007 -23"><span class='ocrx_word' id='word_1_214' title='bbox 262 2878 353 2938; x_wconf 89' lang='lat' dir='ltr'>finem</span> <span class='ocrx_word' id='word_1_215' title='bbox 376 2882 524 2956; x_wconf 89' lang='lat' dir='ltr'>sequendi</span> <span class='ocrx_word' id='word_1_216' title='bbox 546 2883 694 2959; x_wconf 80' lang='grc'>10001001,</span> <span class='ocrx_word' id='word_1_217' title='bbox 719 2884 819 2959; x_wconf 88' lang='lat' dir='ltr'>quoad</span> <span class='ocrx_word' id='word_1_218' title='bbox 842 2884 978 2944; x_wconf 88' lang='lat' dir='ltr'>subsidio</span> <span class='ocrx_word' id='word_1_219' title='bbox 1009 2884 1115 2943; x_wconf 87' lang='lat' dir='ltr'>confisi</span> <span class='ocrx_word' id='word_1_220' title='bbox 1138 2886 1265 2959; x_wconf 89' lang='lat' dir='ltr'>equites,</span> 
     </span>
     <span class='ocr_line' id='line_1_31' title="bbox 263 2969 1267 3048; baseline 0.006 -25"><span class='ocrx_word' id='word_1_221' title='bbox 263 2984 355 3040; x_wconf 91' lang='lat' dir='ltr'>quum</span> <span class='ocrx_word' id='word_1_222' title='bbox 376 2973 448 3045; x_wconf 90' lang='lat' dir='ltr'>post</span> <span class='ocrx_word' id='word_1_223' title='bbox 471 2988 503 3027; x_wconf 90' lang='lat' dir='ltr'>se</span> <span class='ocrx_word' id='word_1_224' title='bbox 525 2969 661 3047; x_wconf 87' lang='lat' dir='ltr'>legiones</span> <span class='ocrx_word' id='word_1_225' title='bbox 684 2969 833 3045; x_wconf 88' lang='lat' dir='ltr'>viderent,</span> <span class='ocrx_word' id='word_1_226' title='bbox 862 2970 1035 3048; x_wconf 88' lang='lat' dir='ltr'>praecipites</span> <span class='ocrx_word' id='word_1_227' title='bbox 1063 2971 1168 3030; x_wconf 91' lang='lat' dir='ltr'>hostes</span> <span class='ocrx_word' id='word_1_228' title='bbox 1198 2991 1267 3048; x_wconf 91' lang='lat' dir='ltr'>ege-</span> 
     </span>
     <span class='ocr_line' id='line_1_32' title="bbox 262 3055 1268 3131; baseline 0.006 -22"><span class='ocrx_word' id='word_1_229' title='bbox 262 3058 347 3127; x_wconf 86' lang='lat' dir='ltr'>runt,</span> <span class='ocrx_word' id='word_1_230' title='bbox 387 3074 558 3131; x_wconf 89' lang='lat' dir='ltr'>magnoque</span> <span class='ocrx_word' id='word_1_231' title='bbox 592 3075 695 3114; x_wconf 90' lang='lat' dir='ltr'>eorum</span> <span class='ocrx_word' id='word_1_232' title='bbox 733 3076 860 3115; x_wconf 90' lang='grc'>0010010</span> <span class='ocrx_word' id='word_1_233' title='bbox 893 3055 1055 3115; x_wconf 85' lang='lat' dir='ltr'>interfeeto</span> <span class='ocrx_word' id='word_1_234' title='bbox 1087 3075 1186 3130; x_wconf 90' lang='lat' dir='ltr'>neque</span> <span class='ocrx_word' id='word_1_235' title='bbox 1220 3056 1268 3115; x_wconf 86' lang='lat' dir='ltr'>sui</span> 
     </span>
     <span class='ocr_line' id='line_1_33' title="bbox 263 3137 1267 3215; baseline 0.005 -21"><span class='ocrx_word' id='word_1_236' title='bbox 263 3137 426 3215; x_wconf 82' lang='lat' dir='ltr'>colligendi</span> <span class='ocrx_word' id='word_1_237' title='bbox 458 3161 557 3215; x_wconf 91' lang='lat' dir='ltr'>neque</span> <span class='ocrx_word' id='word_1_238' title='bbox 591 3142 780 3201; x_wconf 88' lang='lat' dir='ltr'>consistendi</span> <span class='ocrx_word' id='word_1_239' title='bbox 814 3148 867 3200; x_wconf 91' lang='lat' dir='ltr'>aut</span> <span class='ocrx_word' id='word_1_240' title='bbox 894 3163 933 3201; x_wconf 84' lang='lat' dir='ltr'>ex</span> <span class='ocrx_word' id='word_1_241' title='bbox 966 3141 1084 3201; x_wconf 87' lang='lat' dir='ltr'>essedis</span> <span class='ocrx_word' id='word_1_242' title='bbox 1108 3141 1267 3200; x_wconf 91' lang='lat' dir='ltr'>desiliendi</span> 
     </span>
     <span class='ocr_line' id='line_1_34' title="bbox 261 3221 1266 3304; baseline 0.005 -25"><span class='ocrx_word' id='word_1_243' title='bbox 261 3221 438 3285; x_wconf 88' lang='lat' dir='ltr'>facultatem</span> <span class='ocrx_word' id='word_1_244' title='bbox 460 3226 620 3286; x_wconf 89' lang='lat' dir='ltr'>dederunt.</span> <span class='ocrx_word' id='word_1_245' title='bbox 665 3228 714 3286; x_wconf 85' lang='lat' dir='ltr'>Ex</span> <span class='ocrx_word' id='word_1_246' title='bbox 735 3228 794 3286; x_wconf 90' lang='lat' dir='ltr'>hac</span> <span class='ocrx_word' id='word_1_247' title='bbox 816 3227 891 3304; x_wconf 81' lang='lat' dir='ltr'>fuga</span> <span class='ocrx_word' id='word_1_248' title='bbox 912 3228 1062 3304; x_wconf 87' lang='lat' dir='ltr'>protinus,</span> <span class='ocrx_word' id='word_1_249' title='bbox 1088 3246 1155 3301; x_wconf 89' lang='lat' dir='ltr'>quae</span> <span class='ocrx_word' id='word_1_250' title='bbox 1179 3226 1266 3285; x_wconf 89' lang='lat' dir='ltr'>undi-</span> 
     </span>
     <span class='ocr_line' id='line_1_35' title="bbox 261 3310 1266 3390; baseline 0.004 -25"><span class='ocrx_word' id='word_1_251' title='bbox 261 3326 320 3381; x_wconf 92' lang='lat' dir='ltr'>que</span> <span class='ocrx_word' id='word_1_252' title='bbox 349 3320 570 3388; x_wconf 89' lang='lat' dir='ltr'>convenerant,</span> <span class='ocrx_word' id='word_1_253' title='bbox 605 3314 717 3373; x_wconf 85' lang='lat' dir='ltr'>auxilia</span> <span class='ocrx_word' id='word_1_254' title='bbox 751 3313 970 3387; x_wconf 88' lang='lat' dir='ltr'>discesserunt,</span> <span class='ocrx_word' id='word_1_255' title='bbox 1003 3332 1103 3388; x_wconf 90' lang='lat' dir='ltr'>neque</span> <span class='ocrx_word' id='word_1_256' title='bbox 1136 3320 1207 3390; x_wconf 84' lang='lat' dir='ltr'>post</span> <span class='ocrx_word' id='word_1_257' title='bbox 1234 3310 1266 3369; x_wconf 94' lang='lat' dir='ltr'>id</span> 
     </span>
     <span class='ocr_line' id='line_1_36' title="bbox 260 3392 1265 3475; baseline 0.007 -26"><span class='ocrx_word' id='word_1_258' title='bbox 260 3397 381 3469; x_wconf 89' lang='lat' dir='ltr'>tempus</span> <span class='ocrx_word' id='word_1_259' title='bbox 414 3416 549 3472; x_wconf 91' lang='lat' dir='ltr'>unquam</span> <span class='ocrx_word' id='word_1_260' title='bbox 580 3400 705 3459; x_wconf 90' lang='lat' dir='ltr'>summis</span> <span class='ocrx_word' id='word_1_261' title='bbox 733 3399 893 3459; x_wconf 87' lang='lat' dir='ltr'>nobiscnm</span> <span class='ocrx_word' id='word_1_262' title='bbox 927 3398 1022 3475; x_wconf 91' lang='lat' dir='ltr'>copiis</span> <span class='ocrx_word' id='word_1_263' title='bbox 1055 3399 1161 3457; x_wconf 88' lang='lat' dir='ltr'>hostes</span> <span class='ocrx_word' id='word_1_264' title='bbox 1195 3392 1265 3456; x_wconf 85' lang='lat' dir='ltr'>eon-</span> 
     </span>
     <span class='ocr_line' id='line_1_37' title="bbox 259 3478 431 3537; baseline 0.029 -5"><span class='ocrx_word' id='word_1_265' title='bbox 259 3478 431 3537; x_wconf 88' lang='lat' dir='ltr'>tenderunt.</span> 
     </span>
    </p>

    <p class='ocr_par' dir='ltr' id='par_1_12' title="bbox 259 3564 1266 3734">
     <span class='ocr_line' id='line_1_38' title="bbox 343 3564 1266 3647; baseline 0.011 -25"><span class='ocrx_word' id='word_1_266' title='bbox 343 3564 468 3625; x_wconf 87' lang='lat' dir='ltr'>XVIH.</span> <span class='ocrx_word' id='word_1_267' title='bbox 502 3567 618 3633; x_wconf 65' lang='grc'>,000001</span> <span class='ocrx_word' id='word_1_268' title='bbox 647 3571 769 3647; x_wconf 82' lang='lat' dir='ltr'>cognito</span> <span class='ocrx_word' id='word_1_269' title='bbox 799 3571 923 3630; x_wconf 89' lang='lat' dir='ltr'>consilio</span> <span class='ocrx_word' id='word_1_270' title='bbox 953 3583 1057 3631; x_wconf 87' lang='lat' dir='ltr'>eorum</span> <span class='ocrx_word' id='word_1_271' title='bbox 1086 3574 1125 3631; x_wconf 92' lang='lat' dir='ltr'>ad</span> <span class='ocrx_word' id='word_1_272' title='bbox 1153 3572 1266 3633; x_wconf 90' lang='lat' dir='ltr'>flumen</span> 
     </span>
     <span class='ocr_line' id='line_1_39' title="bbox 259 3648 1266 3734; baseline 0.01 -27"><span class='ocrx_word' id='word_1_273' title='bbox 259 3648 412 3710; x_wconf 79' lang='lat' dir='ltr'>Tamesim</span> <span class='ocrx_word' id='word_1_274' title='bbox 439 3652 471 3709; x_wconf 92' lang='lat' dir='ltr'>in</span> <span class='ocrx_word' id='word_1_275' title='bbox 500 3650 576 3711; x_wconf 89' lang='lat' dir='ltr'>fines</span> <span class='ocrx_word' id='word_1_276' title='bbox 607 3654 829 3716; x_wconf 81' lang='lat' dir='ltr'>Cassivellauni</span> <span class='ocrx_word' id='word_1_277' title='bbox 858 3657 1022 3716; x_wconf 86' lang='lat' dir='ltr'>exercitum</span> <span class='ocrx_word' id='word_1_278' title='bbox 1052 3658 1154 3732; x_wconf 85' lang='lat' dir='ltr'>duxit;</span> <span class='ocrx_word' id='word_1_279' title='bbox 1186 3660 1266 3734; x_wconf 90' lang='lat' dir='ltr'>quod</span> 
     </span>
    </p>
   </div>
   <div class='ocr_carea' id='block_1_11' title="bbox 258 3732 1287 3823">
    <p class='ocr_par' dir='ltr' id='par_1_13' title="bbox 258 3732 1287 3823">
     <span class='ocr_line' id='line_1_40' title="bbox 258 3732 1287 3823; baseline 0.012 -32"><span class='ocrx_word' id='word_1_280' title='bbox 258 3732 371 3796; x_wconf 91' lang='lat' dir='ltr'>flumen</span> <span class='ocrx_word' id='word_1_281' title='bbox 410 3757 469 3795; x_wconf 92' lang='lat' dir='ltr'>uno</span> <span class='ocrx_word' id='word_1_282' title='bbox 499 3737 619 3798; x_wconf 90' lang='lat' dir='ltr'>omnino</span> <span class='ocrx_word' id='word_1_283' title='bbox 651 3741 717 3799; x_wconf 89' lang='lat' dir='ltr'>loco</span> <span class='ocrx_word' id='word_1_284' title='bbox 751 3741 898 3818; x_wconf 86' lang='lat' dir='ltr'>pedibus,</span> <span class='ocrx_word' id='word_1_285' title='bbox 940 3750 1031 3817; x_wconf 90' lang='lat' dir='ltr'>atque</span> <span class='ocrx_word' id='word_1_286' title='bbox 1072 3743 1131 3801; x_wconf 90' lang='lat' dir='ltr'>hoo</span> <span class='ocrx_word' id='word_1_287' title='bbox 1172 3764 1287 3823; x_wconf 68' lang='lat' dir='ltr'>aegre,</span> 
     </span>
    </p>
   </div>
   <div class='ocr_carea' id='block_1_12' title="bbox 259 3824 1266 4074">
    <p class='ocr_par' dir='ltr' id='par_1_14' title="bbox 259 3824 1266 4074">
     <span class='ocr_line' id='line_1_41' title="bbox 259 3824 1266 3901; baseline 0.01 -23"><span class='ocrx_word' id='word_1_288' title='bbox 259 3824 382 3881; x_wconf 84' lang='lat' dir='ltr'>transiri</span> <span class='ocrx_word' id='word_1_289' title='bbox 403 3829 514 3901; x_wconf 88' lang='lat' dir='ltr'>potest.</span> <span class='ocrx_word' id='word_1_290' title='bbox 559 3825 606 3883; x_wconf 84' lang='lat' dir='ltr'>Eo</span> <span class='ocrx_word' id='word_1_291' title='bbox 630 3846 722 3900; x_wconf 89' lang='lat' dir='ltr'>quum</span> <span class='ocrx_word' id='word_1_292' title='bbox 744 3827 890 3901; x_wconf 87' lang='lat' dir='ltr'>venisset,</span> <span class='ocrx_word' id='word_1_293' title='bbox 914 3827 1047 3886; x_wconf 90' lang='lat' dir='ltr'>animum</span> <span class='ocrx_word' id='word_1_294' title='bbox 1070 3828 1204 3889; x_wconf 87' lang='lat' dir='ltr'>advertit</span> <span class='ocrx_word' id='word_1_295' title='bbox 1227 3829 1266 3888; x_wconf 91' lang='lat' dir='ltr'>ad</span> 
     </span>
     <span class='ocr_line' id='line_1_42' title="bbox 260 3904 1265 3990; baseline 0.01 -27"><span class='ocrx_word' id='word_1_296' title='bbox 260 3904 385 3967; x_wconf 90' lang='lat' dir='ltr'>alteram</span> <span class='ocrx_word' id='word_1_297' title='bbox 406 3908 540 3968; x_wconf 88' lang='lat' dir='ltr'>fluminis</span> <span class='ocrx_word' id='word_1_298' title='bbox 562 3910 660 3988; x_wconf 90' lang='lat' dir='ltr'>ripam</span> <span class='ocrx_word' id='word_1_299' title='bbox 682 3931 808 3987; x_wconf 88' lang='lat' dir='ltr'>magnas</span> <span class='ocrx_word' id='word_1_300' title='bbox 831 3932 900 3971; x_wconf 90' lang='lat' dir='ltr'>esse</span> <span class='ocrx_word' id='word_1_301' title='bbox 923 3912 1027 3990; x_wconf 84' lang='lat' dir='ltr'>copias</span> <span class='ocrx_word' id='word_1_302' title='bbox 1056 3914 1191 3972; x_wconf 89' lang='lat' dir='ltr'>hostium</span> <span class='ocrx_word' id='word_1_303' title='bbox 1219 3916 1265 3973; x_wconf 93' lang='lat' dir='ltr'>in-</span> 
     </span>
     <span class='ocr_line' id='line_1_43' title="bbox 259 3995 1266 4074; baseline 0.009 -25"><span class='ocrx_word' id='word_1_304' title='bbox 259 3996 409 4064; x_wconf 70' lang='lat' dir='ltr'>structas,</span> <span class='ocrx_word' id='word_1_305' title='bbox 433 3995 500 4072; x_wconf 88' lang='lat' dir='ltr'>ripa</span> <span class='ocrx_word' id='word_1_306' title='bbox 528 4000 630 4053; x_wconf 91' lang='lat' dir='ltr'>autem</span> <span class='ocrx_word' id='word_1_307' title='bbox 663 4002 737 4054; x_wconf 76' lang='lat' dir='ltr'>erat‘</span> <span class='ocrx_word' id='word_1_308' title='bbox 758 3997 855 4055; x_wconf 86' lang='lat' dir='ltr'>acutis</span> <span class='ocrx_word' id='word_1_309' title='bbox 878 3997 1006 4055; x_wconf 88' lang='lat' dir='ltr'>sudibus</span> <span class='ocrx_word' id='word_1_310' title='bbox 1035 3997 1170 4074; x_wconf 83' lang='lat' dir='ltr'>praefixis</span> <span class='ocrx_word' id='word_1_311' title='bbox 1200 4022 1266 4059; x_wconf 92' lang='lat' dir='ltr'>mu·</span> 
     </span>
    </p>
   </div>
   <div class='ocr_carea' id='block_1_13' title="bbox 0 0 1488 4609">
    <p class='ocr_par' dir='ltr' id='par_1_15' title="bbox 0 0 1488 4609">
     <span class='ocr_line' id='line_1_44' title="bbox 0 0 1488 4609; baseline 0 2"><span class='ocrx_word' id='word_1_312' title='bbox 0 0 1488 4609; x_wconf 95' lang='lat' dir='ltr'> </span> 
     </span>
    </p>
   </div>
  </div>
 </body>
</html>
