2967 4609
265 389 327 447 174
588 379 641 433 DE
658 377 787 433 BELLO
806 378 975 434 GALLIOO

264 576 414 636 Carnutes
445 575 592 650 venisset,
626 593 754 651 quorum
785 575 817 636 in
850 575 974 636 civitate
997 575 1153 652 superiore
1182 595 1261 634 oom-

262 661 409 722 mentario
422 659 527 721 Oaesar
549 661 691 739 exposuit
711 661 831 720 initium
852 660 925 720 belli
948 679 1017 720 esse
1040 666 1147 736 ortum,
1178 662 1260 737 quod

261 748 416 826 praecipue
438 766 491 806 eos
512 754 637 825 propter
659 747 876 806 conscientiam
898 746 973 806 facti
996 746 1104 805 timere
1127 745 1261 806 animad-

262 834 412 908 vertebat,
436 853 495 909 quc
518 832 648 892 celerius
670 833 826 893 civitatem
852 839 935 892 metu
964 832 1123 907 liberaret,
1151 833 1263 910 princi-

262 939 332 998 pem
354 919 479 979 sceleris
501 918 584 978 illius
611 926 643 978 et
669 919 887 978 concitatorem
915 918 987 978 belli
1016 918 1200 978 (damnatum
1223 920 1264 978 ad

262 1005 446 1083 supplicium
460 1003 666 1082 depoposcit,
698 1005 750 1079 qui
781 1004 840 1064 etsi
861 1023 900 1063 ne
922 1003 1041 1064 civibus
1065 1003 1186 1080 quidem
1197 1005 1263 1064 suis

264 1111 298 1150 se
321 1090 537 1165 committebat,
560 1097 663 1149 tamen
692 1089 832 1150 celeriter
860 1089 991 1148 omnium
1020 1109 1093 1148 cura
1115 1091 1263 1165 quaesitus

261 1177 293 1235 in
315 1183 418 1236 castra
438 1175 624 1254 perducitur.
671 1174 798 1254 (legitur
818 1175 849 1234 in
872 1175 939 1252 ejus
962 1174 1144 1253 supplicium
1157 1175 1262 1236 Ceasar

263 1268 369 1322 contra
399 1281 485 1321 suam
517 1267 658 1320 naturam
691 1281 842 1320 concursu
873 1260 1003 1320 maximo
1036 1260 1175 1337 militum,
1210 1263 1263 1338 quii

264 1347 364 1407 omnia
395 1347 533 1425 pericula
565 1354 597 1406 et
626 1346 809 1407 detrimenta
846 1346 919 1406 belli
948 1345 1100 1406 Gutruato
1135 1355 1263 1426 accepta

263 1433 447 1508 referebant,
476 1431 560 1492 adeo.
580 1439 615 1492 ut
636 1433 816 1494 verberibus
843 1432 1047 1492 exanimatum
1076 1452 1186 1510 eorpus
1215 1453 1263 1494 se-

263 1519 328 1578 curi
349 1517 503 1577 feriretur.

346 1603 504 1663 XXXIX.
538 1603 587 1663 Ibi
610 1603 726 1663 crebris
741 1603 852 1663 litteris
865 1601 982 1663 Caninii
997 1602 1033 1662 fit
1050 1604 1170 1679 certior,
1194 1624 1261 1680 quae

262 1690 301 1750 de
322 1689 479 1768 Drappete
501 1696 534 1749 et
554 1683 700 1749 Lucterio
722 1696 812 1766 gesta
834 1696 951 1766 essent,
981 1708 1102 1765 quoque
1130 1690 1162 1749 in
1192 1711 1263 1750 con-

262 1776 330 1835 silio
363 1784 577 1854 permanerent
610 1775 763 1853 oppidani.
817 1774 952 1847 Quorum
985 1775 1044 1834 etsi
1076 1777 1262 1854 paucitatem

264 1863 486 1937 contemnebat,
510 1869 613 1921 tamen
634 1860 834 1940 pertinaciam
856 1881 966 1938 magna
987 1880 1080 1939 poena
1102 1881 1171 1921 esse
1193 1861 1260 1921 affi-

262 1946 400 2007 ciendam
429 1947 598 2024 judicabat,
631 1967 672 2007 ne
703 1947 847 2007 universa
880 1946 980 2006 Gallia
1012 1966 1073 2007 non
1094 1948 1177 2008 vires
1200 1948 1260 2007 sibi

263 2032 400 2092 defuisse
422 2032 462 2092 ad
483 2033 689 2093 resistendum
700 2033 857 2108 Romanis,
881 2032 937 2092 sed
955 2032 1158 2092 constantiam
1174 2040 1263 2111 puta·

262 2126 319 2194 ret,
342 2137 420 2178 neve
441 2118 499 2178 hoc
522 2118 659 2196 exemplo
683 2125 793 2178 ceterae
822 2118 963 2178 civitates
990 2118 1126 2179 locorum
1153 2139 1262 2198 oppor-

262 2203 392 2263 tunitate
403 2201 491 2264 fretae
505 2223 538 2263 se
548 2203 740 2265 vindicarent
761 2204 793 2262 in
814 2203 996 2279 libertatern,
1021 2225 1112 2280 quum
1124 2205 1263 2264 omnibus

263 2289 361 2349 Gallis
382 2296 487 2350 notum
510 2308 579 2349 esse
606 2290 700 2349 sciret
731 2289 879 2365 reliquam
911 2309 980 2349 esse
1009 2309 1102 2350 unam
1124 2297 1263 2350 aestatem

263 2395 327 2436 suae
359 2375 534 2454 provinciae,
569 2396 659 2453 quam
692 2375 718 2435 si
741 2376 893 2450 sustinere
924 2375 1112 2454 potuissent,
1146 2377 1262 2435 nullum

262 2462 344 2521 ultra
365 2462 534 2540 periculum
555 2468 741 2522 vererentur.
776 2461 886 2538 Itaque
909 2461 946 2533 Q.
965 2460 1112 2522 Calenum
1128 2462 1264 2539 legatum

264 2568 332 2606 cum
353 2547 525 2625 legionibus
547 2547 666 2608 duabus
687 2547 819 2623 reliquit,
849 2548 901 2622 qui
925 2547 1020 2623 justis
1047 2547 1207 2607 itineribus
1230 2567 1265 2608 se

265 2635 518 2709 subsequeretur3
552 2634 619 2712 ipse
653 2654 721 2693 cum
754 2633 835 2693 omni
868 2634 1014 2710 equitatu,
1049 2653 1140 2708 quam
1161 2641 1266 2711 potest

265 2719 432 2796 celerrime,
455 2718 495 2796 ad
518 2718 676 2779 Caninium
697 2718 862 2779 contendit.

348 2804 418 2863 XL.
464 2804 568 2865 Gaesar
600 2825 693 2881 quum
725 2811 833 2865 contra
865 2804 1105 2882 expectationem
1134 2804 1266 2864 omnium

263 2889 491 2950 Uxellodunum
525 2882 663 2950 venisset
700 2890 905 2969 oppidumque
944 2889 1087 2968 operibus
1127 2891 1264 2950 clausum

264 2975 520 3036 animadverteret
551 2996 650 3052 neque
684 2978 721 3036 ab
756 2975 980 3054 oppugnatione
1014 2976 1117 3036 recedi
1145 2976 1266 3037 videret

263 3062 327 3120 ulla
360 3061 536 3121 condicione
575 3081 684 3140 posse,
718 3082 831 3140 magna
863 3068 965 3121 autem
1000 3062 1087 3140 copia
1119 3061 1266 3122 frumenti

264 3147 421 3207 abundare
449 3147 618 3226 oppidanos
647 3167 685 3208 ex
712 3147 851 3226 perfugis
879 3156 1057 3224 cognosset,
1086 3167 1165 3225 aqua
1194 3168 1265 3226 prc-

263 3234 369 3293 hibere
390 3233 509 3293 hostem
539 3240 658 3294 tentare
686 3234 788 3313 coepit.
838 3233 967 3292 Flumen
992 3231 1127 3293 infimam
1154 3233 1267 3295 vallem

264 3317 430 3395 dividebat,
464 3339 532 3395 quae
565 3326 664 3380 totum
684 3339 773 3398 paene
805 3326 938 3378 montem
961 3319 1112 3398 cingebat,
1145 3320 1177 3378 in
1205 3339 1265 3395 quo

264 3405 397 3483 positum
421 3413 486 3464 erat
506 3413 696 3484 praeruptnm
716 3404 851 3481 undique
875 3403 1018 3482 oppidum
1029 3405 1264 3466 Uxellodunum.

264 3491 333 3549 Hoc
356 3497 494 3551 avertere
515 3491 576 3550 loci
596 3498 706 3551 natura
726 3491 921 3570 prohibebat3
945 3491 977 3550 in
993 3489 1104 3550 infimis
1124 3492 1203 3550 enim
1219 3491 1265 3550 sic

263 3575 420 3635 radicibus
442 3576 730 3660 montis'ferebatur,
749 3583 784 3636 ut
800 3577 915 3636 nullam
931 3577 963 3635 in
979 3585 1098 3655 partem
1109 3576 1266 3655 depressis

265 3661 360 3722 fossis
389 3661 522 3722 derivari
543 3671 658 3740 posset.
708 3663 786 3722 Erat
813 3669 914 3722 autem
942 3662 1101 3741 oppidanis
1130 3661 1266 3722 difficilis

265 3755 296 3808 et
316 3754 490 3825 praeruptus
512 3767 548 3806 eo
571 3747 748 3824 descensus,
771 3755 807 3806 ut
822 3748 1053 3826 prohibentibus
1068 3750 1182 3808 nostris
1199 3748 1267 3808 sine

264 3833 444 3893 vulneribus
472 3852 508 3891 ac
535 3834 670 3911 periculo
698 3834 771 3894 vitae
798 3854 898 3911 neque
921 3834 1004 3894 adire
1031 3833 1144 3894 flumen
1165 3853 1266 3910 neque

266 3918 360 3978 arduo
394 3937 428 3977 se
459 3918 596 3996 recipere
628 3926 756 3997 possent
789 3939 926 3980 ascensu.
984 3919 1052 3994 Qua
1084 3919 1268 3980 difficultate

266 4023 370 4061 eorum
400 4004 521 4081 cognita
549 4004 653 4064 Oaesar
680 4005 847 4082 sagittariis
874 4003 1141 4082 funditoribusque
1164 4006 1267 4084 dispo·

266 4088 343 4162 sitis,
365 4089 525 4174 tormentis
554 4089 646 4149 etiam
667 4090 849 4166 quibusdam
872 4091 948 4150 locis
977 4098 1083 4152 contra
1104 4091 1267 4152 facillimos

266 4171 434 4232 descensus
456 4174 612 4234 collocatis
634 4196 713 4251 equa
733 4173 866 4235 fluminis
886 4177 1068 4254 prohibebat
1087 4177 1265 4257 oppidanos.
