2967 4609
590 339 711 394 rnna
728 339 794 392 vn.
1141 350 1201 406 aa
1240 371 1241 374 κ
1364 297 1365 300 ¹
1417 303 1469 410 ’Ῑῗ

197 552 273 591 esse
294 533 446 611 paludem,
470 554 538 609 quae
565 533 705 617 influeret
731 500 965 610 insequamur
995 543 1085 611 atque
1118 536 1202 595 illum

197 639 322 678 omnem
336 619 444 678 ¹locum
477 640 661 697 magnopere
694 620 864 698 impediret,
899 622 948 680 hic
983 622 1121 681 consedit
1148 643 1201 681 no·
1247 661 1250 668 -
1301 699 1302 702 Ἴ
1415 657 1429 670 «
1470 677 1472 700 ,

199 712 344 781 strosque
365 705 497 764 transitu
518 706 680 782 prohibere
701 706 842 765 instituit.
1195 769 1199 784 Ἴ,

289 791 408 850 LVHI.
453 791 609 851 Labienus
630 792 727 870 primo
750 791 856 852 vineas
874 812 974 869 agere,
998 793 1134 852 cratibus
1157 801 1201 852 at·

202 895 265 952 que
292 896 405 954 aggere
433 877 577 954 paludem
604 878 726 956 explere
756 884 847 952 atque
880 879 939 937 iter
965 879 1082 938 munire
1111 898 1201 937 cona-

199 963 303 1020 batur.
347 962 514 1039 Postquam
536 962 568 1021 id
590 962 745 1022 difficilius
769 961 893 1022 confieri
915 963 1138 1040 animadvertit,
1161 965 1200 1022 si-

203 1047 299 1106 lentio
322 1068 339 1106 e
361 1049 471 1107 castris
494 1049 584 1107 tertia
606 1049 711 1126 vigilia
734 1069 887 1126 egressus,
911 1049 1031 1126 ecdem,
1062 1070 1121 1126 quo
1136 1069 1201 1111 ·ve-

202 1140 301 1203 nerat,
333 1133 441 1192 itinere
473 1133 669 1194 Melodunum
701 1135 850 1212 pervenit.
907 1135 946 1193 Id
979 1143 1026 1194 est
1059 1135 1202 1214 oppidum

203 1219 366 1293 Senonum,
399 1220 431 1278 in
464 1212 564 1278 insula
597 1221 747 1297 Sequanae
780 1221 922 1298 positum,
956 1227 991 1280 ut
1017 1222 1202 1299 paulo'ante

202 1305 358 1364 Lutetiam
381 1305 521 1364 diximus.
555 1307 763 1384 Deprehensis
785 1307 915 1366 navibus
938 1307 1100 1366 circiterL
1124 1308 1171 1367 cel
1189 1341 1201 1350 -

202 1391 339 1465 riterque
362 1391 533 1468 conjunctis
567 1399 657 1469 atque
692 1413 727 1452 eo
761 1393 910 1454 militibus
933 1393 1136 1470 impositiset
1156 1392 1202 1451 rei

202 1476 341 1536 novitate
363 1477 532 1554 perterritis
556 1477 726 1556 oppidanis,
741 1498 878 1559 quorum
905 1499 1015 1556 magna
1041 1498 1114 1556 pars
1137 1485 1203 1538 erat

204 1561 246 1621 ad
276 1561 401 1621 bellum·
423 1570 567 1638 evocata,
608 1564 674 1622 sine
707 1565 900 1624 contentione
933 1564 1044 1642 oppido
1077 1565 1201 1642 potitur.

204 1647 336 1706 Refecto
359 1655 461 1725 ponte,
491 1668 581 1723 quem
611 1650 819 1728 superioribus
845 1649 953 1708 diebus
982 1651 1087 1709 hostes
1109 1650 1202 1709 resci-

206 1732 323 1803 derunt,
346 1735 513 1793 exercitum
534 1735 669 1794 traducit
691 1742 722 1794 et
744 1725 879 1794 secundo
901 1734 1025 1794 flumine
1047 1735 1086 1794 ad
1108 1736 1201 1794 Lute·
1296 1799 1297 1808 ,

138 1844 142 1858 ¹
204 1819 279 1878 tiam
300 1819 360 1878 iter
381 1819 483 1878 facere
505 1821 606 1898 coepit.
650 1821 767 1881 Hostes
794 1841 828 1880 re
857 1821 979 1902 cognita
1007 1822 1044 1880 ab
1072 1821 1120 1896 iis,
1151 1821 1202 1895 qui

204 1904 369 1964 Meloduno
391 1905 601 1983 profugerant,
624 1907 779 1966 Lutetiam
799 1905 921 1965 incendi
942 1914 1111 1984 pontesque
1134 1905 1221 1981 ejus¹

205 1990 310 2068 oppidi
331 1991 463 2050 rescindi
481 1991 608 2068 jubent;
631 1993 692 2070 ipsi
712 1992 845 2070 profecti
867 2013 885 2051 a
906 1991 1027 2070 palude,
1058 1991 1098 2050 ad
1119 1991 1202 2069 ripas

206 2075 355 2152 Sequanae
378 2097 395 2136 e
416 2078 539 2154 regione
561 2078 692 2137 Lutetiae
716 2085 822 2138 contra
843 2078 973 2138 Labieni
1001 2085 1102 2138 castra
1132 2098 1202 2137 con·

206 2161 319 2220 sidunt.

290 2247 378 2306 LIX.
423 2249 494 2308 Jam
516 2248 621 2308 Caesar
643 2271 661 2308 a
681 2250 834 2327 Gergovia
857 2251 1038 2310 discessisse
1061 2248 1202 2309 audieba-

205 2341 264 2409 tur,
292 2333 358 2409 jam
385 2332 423 2392 de
452 2334 641 2394 Haeduorum
669 2335 841 2396 defectione
872 2343 903 2395 et
930 2335 1064 2395 secundo
1094 2334 1202 2393 Galliae

168 2468 171 2475 ,
205 2426 288 2478 motu
310 2439 447 2478 rumores
460 2419 676 2496 afferebantur,
701 2421 842 2496 Gallique
865 2422 896 2479 in
919 2419 1086 2496 colloquiis,
1110 2420 1201 2478 inter-

207 2505 326 2564 clusum
356 2505 464 2564 itinere
492 2513 523 2564 et
544 2506 648 2583 Ligeri
671 2505 825 2566 Caesarem
858 2507 959 2584 inopia
985 2505 1130 2564 frumenti
1153 2524 1202 2564 co·
1289 2527 1290 2530 ¹

207 2597 308 2650 actum
330 2591 362 2648 in
383 2591 571 2668 provinciam
584 2591 778 2651 contendisse
791 2591 1017 2661 confirmabant.
1044 2589 1215 2650 Bellovaci¹

208 2685 308 2735 autem
330 2675 501 2736 defectione
512 2677 700 2737 Haeduorum
717 2679 848 2756 cognita,
873 2678 925 2754 qui
948 2686 1018 2737 ante
1040 2683 1127 2735 erant
1146 2695 1203 2754 per
1282 2719 1283 2722 ,
1326 2669 1336 2704 Γ

207 2781 241 2821 se
262 2761 411 2837 infideles,
433 2783 541 2822 manus
569 2783 679 2840 cogere
706 2771 798 2840 atque
826 2771 931 2842 aperte
953 2763 1066 2824 bellum
1117 2781 1203 2821 arare

206 2855 371 2926 coeperunt.
426 2848 504 2907 Turn
536 2850 691 2912 Labienus
723 2857 810 2910 tanta
842 2869 943 2910 rerum
970 2849 1203 2909 commutatione
1302 2907 1304 2909 .
1329 2879 1330 2882 ¹
1417 2843 1440 2896 Ϊ

173 2965 177 2972 -
205 2932 296 3010 longe
319 2933 401 2992 aliud
423 2934 483 2993 sibi
505 2935 685 3012 capiendum
708 2937 876 3012 consilium,
901 2944 992 3012 atque
1015 2942 1105 2994 antea
1134 2953 1202 2994 sen-

205 3027 301 3095 serat,
333 3019 538 3096 intelligebat;
572 3041 671 3097 neque
701 3022 777 3099 jam,
817 3030 851 3081 ut
884 3021 998 3097 aliquid
1032 3020 1203 3096 acquireret

204 3105 372 3182 proelioque
394 3105 499 3164 hostes
521 3107 696 3182 lacesseret,
728 3108 785 3167 sed
810 3114 845 3167 ut
864 3107 1047 3166 incolumem
1070 3105 1201 3164 excerci-

204 3197 268 3249 tum
289 3189 480 3268 Agedincum
502 3191 672 3268 reduceret,
695 3195 859 3270 cogitabat.
892 3192 1032 3267 Namque
1050 3191 1145 3272 altera
1165 3209 1202 3248 ex

205 3283 293 3353 parte
314 3276 482 3351 Bellovaci,
507 3297 575 3352 quae
598 3279 706 3338 civitas
734 3280 766 3338 in
796 3279 895 3338 Gallia
916 3278 1077 3336 maximam
1108 3276 1203 3335 habet

207 3363 378 3440 opinionem
399 3363 532 3439 virtutis,
554 3364 724 3440 instabant,
754 3365 882 3424 alteram
905 3363 1126 3439 Camulogenus
1148 3382 1201 3440 pa-

205 3454 271 3524 rato
295 3455 387 3525 atque
407 3447 556 3529 instructo
590 3450 725 3509 exercitu
748 3451 872 3510 tenebat
879 3471 885 3525 ;
920 3457 986 3508 tum
1017 3447 1153 3525 legiones
1185 3467 1202 3505 a

204 3533 347 3610 praesidio
378 3540 469 3609 atque
497 3534 720 3612 impedimentis
748 3536 932 3598 interclusas
957 3534 1120 3593 maximum
1146 3532 1201 3592 flu·

205 3639 274 3678 men
310 3618 484 3678 distinebat.
529 3621 636 3680 Tantis
669 3623 770 3681 subito
807 3621 1039 3681 difficultatibus
1073 3619 1201 3696 objectis

206 3704 244 3762 ab
268 3705 360 3764 animi
382 3705 495 3765 virtute
518 3705 661 3766 arixilium
682 3707 848 3785 petendum
869 3707 1003 3767 videbat.

214 3842 217 3846 Δ
290 3791 358 3849 LX.
402 3792 513 3866 Itaque
536 3792 592 3850 sub
615 3811 779 3871 vesperum
807 3793 933 3854 consilio
962 3796 1128 3852 convocato
1147 3806 1196 3846 co·

205 3876 353 3951 hortatae,
375 3884 409 3935 ut
432 3897 476 3952 ea,
506 3897 574 3952 quae
597 3878 789 3956 imperasset,
813 3879 973 3956 diligenter
990 3875 1201 3947 industrieque
1299 3869 1300 3872 ’
1397 3893 1418 3964 1'2

206 3960 461 4038 administrarent,
483 3981 588 4038 naves,
612 3984 689 4039 quas
712 3986 731 4024 a·
749 3965 913 4024 Meloduno
937 3962 1112 4034 deduxerat,
1136 3959 1206 4036 sin·¹

204 4047 293 4124 gulas
316 4048 468 4123 equitibus
490 4047 636 4108 Romanis
659 4051 797 4109 attribuit
820 4057 851 4109 et
871 4049 969 4126 prima
991 4045 1130 4107 confecta
1153 4045 1199 4104 vi-
