2967 4609
259 371 303 437 Ἰ36
571 361 624 414 DE
642 358 768 418 BELLO
788 358 958 414 GALLIGO

261 556 366 616 tudine
410 556 525 614 itineris
570 554 667 614 nostri
711 556 863 614 exercitus
907 562 1070 633 perspecta
1102 561 1192 613 nocte
1226 555 1266 613 ad

261 642 395 702 Nervios
416 648 621 719 pervenerunt
644 648 735 716 atque
757 641 795 699 iis
819 642 1066 702 demonstrarunt
1094 639 1176 698 inter
1203 640 1264 699 sin-

260 729 349 806 gulas
370 728 505 804 legiones
528 726 811 804 impedimentorum
832 746 976 803 magnum
997 742 1156 785 numerum
1172 726 1265 785 inter-

262 814 370 873 cedere
392 833 490 888 neque
513 832 582 872 esse
600 813 763 887 quicquam
789 813 913 889 negotii,
945 832 1037 887 quum
1067 812 1164 889 prima
1185 812 1264 889 legio

260 900 292 958 in
315 907 417 959 castra
439 898 575 961 venisset
603 898 787 973 reliquaeque
812 898 948 975 legiones
967 918 1110 974 magnum
1132 898 1265 975 spatium

264 987 418 1060 abessent,
452 985 530 1043 hauc
563 984 620 1042 sub
649 984 778 1042 sarcinis
809 984 935 1059 adoriri,
965 1003 1026 1058 qua
1053 984 1143 1060 pulsa
1170 983 1265 1061 impe-

261 1070 465 1146 dimentisque
488 1070 615 1147 direptis
638 1068 786 1143 futurum,
814 1076 849 1127 ut
874 1070 1001 1144 reliquae
1031 1076 1138 1127 contra
1166 1070 1265 1129 consi-

260 1164 342 1216 stere
364 1177 425 1215 uon
448 1155 604 1214 auderent.
649 1154 828 1231 Adjuvabat
850 1156 941 1214 etiam
964 1174 1080 1213 eorum·
1096 1154 1264 1230 consilium,
1318 1187 1320 1200 ι

262 1244 399 1318 quirem
422 1240 610 1315 deferebant,
635 1240 716 1316 quod
737 1240 844 1302 Nervii
867 1240 1044 1316 antiquitus,
1067 1260 1160 1316 quum
1182 1242 1264 1316 equi-

260 1334 327 1387 tatu
348 1327 423 1385 nihil
444 1332 570 1404 possent
603 1326 713 1401 (neque
746 1327 826 1385 enim
858 1327 898 1385 ad
930 1327 987 1385 hoc
1020 1333 1141 1403 tempus
1171 1326 1199 1384 ei
1220 1327 1265 1385 rei

262 1414 394 1485 student,
425 1411 489 1487 sed,
519 1412 664 1487 quicquid
690 1420 829 1489 possunt,
858 1412 1054 1489 pedestribus
1082 1412 1187 1471 valent
1215 1432 1263 1471 co·
1373 1455 1377 1460 »

262 1498 344 1577 piis),
376 1498 438 1574 quo¹
468 1497 587 1557 facilius
620 1497 817 1556 finitimorum
840 1498 1017 1575 equitatum,
1052 1497 1079 1556 si
1106 1498 1264 1575 praedandi

263 1604 357 1643 causa
397 1584 436 1643 ad
476 1603 528 1643 eos
562 1584 707 1659 venisset,
735 1584 928 1661 impedirent,
968 1584 1081 1642 teneris
1105 1584 1264 1642 arboribus

260 1670 366 1729 incisis
391 1677 483 1745 atque
505 1670 537 1728 in
558 1668 751 1728 latitudinem
772 1670 866 1729 ramis
889 1670 987 1728 enatis
1010 1676 1041 1727 et
1061 1669 1147 1728 rubis
1171 1670 1264 1728 senti-

259 1756 378 1831 busque
411 1755 580 1832 interjectis
615 1753 789 1830 effecerant,
805 1757 812 1778 ”
824 1763 858 1813 ut
881 1756 980 1813 instar
997 1755 1075 1813 muri
1098 1755 1146 1813 hae
1174 1774 1264 1832 sepes

259 1844 443 1919 praeberent,
478 1862 537 1917 quo
570 1861 630 1900 non
662 1839 752 1899 modo
787 1839 865 1914 [non]
899 1840 1016 1916 intrari,
1047 1840 1102 1899 sed
1130 1861 1169 1899 ne
1196 1860 1265 1918 per·

260 1928 336 2005 spici
371 1927 492 2003 quidem
524 1933 639 2004 posset.
701 1926 759 1985 His
792 1928 884 1985 rebus
919 1946 1010 2002 quum
1043 1927 1102 1984 iter
1135 1927 1265 2003 agminis

259 2014 358 2072 nostri
400 2013 607 2090 impediretur,
652 2032 713 2071 non
757 2012 958 2071 omittendum
1002 2012 1061 2071 sibi
1106 2012 1265 2070 consilium

259 2098 367 2158 Nervii
389 2098 647 2157 existimaverimt.

345 2184 471 2243 XVHI.
516 2184 592 2242 Loci
614 2190 722 2242 natura
745 2191 811 2242 erat
832 2184 908 2259 haec,
932 2202 1023 2258 quem
1045 2184 1145 2241 locum
1167 2183 1265 2241 nostri

261 2270 371 2329 castris
394 2269 580 2346 delegerant.
628 2268 721 2328 Collis
745 2271 782 2328 ab
806 2289 921 2329 summo
952 2269 1110 2344 aequaliter
1138 2268 1264 2329 declivis

261 2355 300 2414 ad
322 2354 434 2414 flumen
462 2355 574 2430 Sabim,
610 2355 690 2430 quod
724 2374 817 2433 supra
843 2355 1074 2429 nominavimus,
1105 2356 1262 2432 vergebat.

258 2442 308 2501 Ab
332 2462 367 2500 eo
389 2440 512 2501 flumine
534 2441 601 2519 pari
623 2440 796 2501 acclivitate
819 2441 905 2499 collis
933 2442 1127 2516 nascebatur,
1156 2439 1264 2500 adver·

260 2546 314 2586 sus
336 2527 406 2585 huic
436 2536 467 2585 et
497 2528 676 2601 contrarius,
705 2546 817 2605 passus
851 2527 973 2586 circiter
1006 2525 1163 2602 ducentos,
1197 2524 1262 2585 infi-
1329 2558 1331 2562 Α

260 2632 328 2671 mus
352 2619 486 2691 apertuS,
511 2614 548 2671 ab
578 2613 734 2690 superiore
762 2619 850 2690 parte
879 2612 1039 2687 8111081118,
1067 2619 1102 2670 ut
1130 2633 1190 2671 non
1218 2610 1262 2669 fa-

260 2698 317 2757 cile
338 2698 488 2757 introrsus
510 2698 643 2775 perspici
671 2706 786 2776 posset.
837 2698 925 2757 Intra
955 2718 1007 2756 eas
1036 2698 1129 2757 silvas
1157 2699 1263 2757 hostes

259 2784 291 2841 in
314 2784 431 2843 occulto
455 2802 523 2842 sese
553 2784 762 2857 continebant3
796 2784 828 2841 in
862 2791 968 2861 aperto
998 2784 1065 2842 1000
1097 2782 1264 2841 secundum

260 2868 371 2929 flumen
393 2888 499 2946 paucae
529 2869 675 2927 stationes
705 2869 841 2945 equitum
868 2868 1060 2929 videbantur.
1112 2868 1262 2927 Fluminis

261 2962 326 3015 erat
349 2954 476 3013 altitudo
495 2949 612 3032 'pedum
634 2954 755 3013 circiter
775 2955 875 3013 trium.

345 3040 437 3099 XIX.
473 3039 577 3099 Caesar
599 3040 735 3115 equitatu
756 3042 916 3118 praemisso
939 3041 1182 3116 subsequebatur
1199 3061 1261 3099 om-

259 3127 350 3186 nibus
374 3126 482 3204 copiis;
507 3126 563 3186 sed
584 3127 661 3185 ratio
684 3126 819 3201 ordoque
842 3126 970 3204 agminis
998 3126 1086 3185 aliter
1108 3146 1141 3185 se
1169 3127 1260 3185 habe·

260 3213 323 3288 bat,
348 3232 383 3271 ac
405 3210 510 3289 Belgae
534 3212 573 3272 ad
594 3211 725 3271 Nervios
749 3212 930 3271 detulerant.
976 3213 1055 3271 Nam
1078 3212 1159 3287 quod
1180 3212 1262 3271 hosti

261 3298 533 3376 appropinquabat,
566 3298 784 3357 consuetudine
817 3318 873 3357 sua
902 3297 1006 3357 Caesar
1039 3318 1093 3357 sex
1124 3298 1260 3375 legiones

262 3384 420 3461 expeditas
454 3383 598 3458 ducebat,
633 3390 704 3461 post
738 3403 790 3443 eas
823 3384 918 3443 totius
952 3384 1102 3443 exercitus
1135 3384 1261 3461 impedi-

261 3476 364 3529 menta
386 3469 563 3544 collocarat;
588 3470 658 3529 inde
681 3469 750 3527 duae
772 3469 918 3547 legiones,
942 3489 1009 3545 quae
1032 3469 1168 3547 proxime
1191 3490 1260 3529 con-

261 3554 383 3632 scriptae
407 3562 502 3630 erant,
526 3562 624 3614 totum
646 3574 755 3632 agmen
778 3555 959 3614 claudebant
981 3555 1185 3632 praesidioque
1206 3556 1261 3613 im-

260 3639 443 3718 pedimentis
466 3647 561 3699 erant.
606 3640 736 3716 Equites
758 3640 855 3699 nostri
883 3661 952 3700 cum
978 3640 1185 3699 funditoribus
1213 3661 1261 3700 aa·
1334 3648 1336 3652 '

260 3726 452 3804 gittariimue
486 3724 598 3785 flumen
631 3727 817 3803 transgressi
850 3746 919 3785 cum
959 3727 1092 3785 hostium
1125 3727 1262 3801 equitatu

260 3813 400 3889 proelium
423 3812 645 3871 commiserunt.
692 3810 792 3882 Quum
825 3831 858 3870 se
887 3812 931 3871 illi
957 3811 1124 3871 identidem
1149 3812 1182 3870 in
1210 3813 1273 3871 sil-⁴

260 3918 316 3958 vas
340 3898 379 3957 ad
401 3916 472 3955 suos
499 3898 670 3975 reciperent
704 3917 739 3955 ac
772 3916 879 3956 rursus
913 3890 951 3957 011
984 3898 1116 3959 81111111
1138 3905 1260 3958 nostros

260 3983 406 4061 impetum
439 3982 585 4059 facerent,
619 4001 718 4058 neque
750 3984 848 4042 nostri
879 3984 1013 4061 longius,
1048 4004 1138 4059 quam
1171 4004 1261 4060 quem

262 4067 302 4127 ad
323 4067 414 4127 finem
435 4075 577 4145 porrecta
600 4065 655 4141 [ac]
678 4068 747 4127 loca
769 4066 895 4147 [aperta]
918 4069 1121 4147 pertinebant,
1151 4070 1260 4130 ceden-
