2967 4609
232 373 272 430 92
537 363 590 416 DE
608 362 736 416 BELLO
755 361 934 418 GALLIGO.

121 589 124 594 ·
234 558 342 618 Gladio
372 558 538 616 comminus
570 577 635 615 rem
667 557 748 632 gerit
769 557 912 616 Vorenus
946 564 1037 632 atque
1059 577 1119 617 uno
1142 558 1236 618 inter·

232 644 315 703 fecto
348 643 482 719 reliquos
515 643 640 721 paulum
667 641 827 719 propellit;
859 642 930 700 dum
964 643 1104 720 cupidius
1132 644 1236 720 instat,

233 731 264 788 in
287 729 387 787 locum
405 727 544 805 dejectus
566 727 742 786 inferiorem
765 727 906 786 concidit.
951 728 1032 786 Huic
1054 748 1161 788 rursus
1180 729 1236 788 oir-

233 820 394 874 cumvento
423 813 485 872 fert
513 813 682 872 subsidium
703 813 800 887 Pullo,
833 819 924 888 atque
952 813 1051 876 ambo,
1071 813 1238 874 incolumes

234 899 441 977 compluribus
474 898 647 958 interfectis
681 917 798 956 summa
833 917 901 956 cum
927 898 1019 957 laude
1054 918 1124 958 sese
1157 900 1238 958 intra

233 985 416 1044 munitiones
438 984 598 1061 recipiunt.
634 982 684 1042 Sic
707 982 831 1042 fortuna
852 984 884 1042 in
907 984 1099 1044 contentione
1122 992 1153 1043 et
1173 1005 1237 1044 cer-

233 1071 346 1129 tamine
368 1076 530 1145 utrumque
552 1069 698 1143 versavit,
721 1077 756 1127 ut
779 1069 856 1127 alter
879 1069 966 1128 alteri
988 1069 1128 1128 inimicus
1153 1071 1236 1131 auxi-

233 1156 274 1215 lio
304 1155 456 1231 salutique
484 1162 582 1228 esset,
612 1173 712 1228 neque
742 1153 905 1230 dijudicari
933 1161 1048 1232 posset,
1081 1161 1150 1214 uter
1177 1156 1238 1213 utri

234 1243 348 1300 virtute
371 1239 587 1300 anteferendus
610 1238 776 1299 videretur.

320 1326 420 1385 XLV.
466 1325 586 1396 Quanto
610 1330 676 1384 erat
697 1324 727 1382 in
752 1323 817 1384 dies
840 1324 963 1400 gravior
986 1332 1077 1400 atque
1101 1325 1238 1402 asperior

235 1411 431 1490 oppugnatio,
456 1417 487 1469 et
508 1410 638 1469 maxime
662 1409 744 1484 quod
766 1430 878 1486 magna
899 1417 987 1487 parte
1017 1410 1145 1468 militum
1168 1429 1238 1469 con·

235 1496 319 1556 fecta
340 1494 517 1556 vulneribus
540 1515 590 1554 res
619 1495 658 1552 ad
691 1496 876 1572 paucitatem
910 1493 1104 1554 defensorum
1131 1515 1238 1572 perve—

235 1589 332 1653 nerat,
366 1588 451 1640 tanto
486 1581 654 1640 crebriores
688 1580 798 1639 litterae
828 1581 988 1656 nuntiique
1017 1580 1057 1639 ad
1085 1580 1239 1640 Caesarem

236 1667 442 1741 mittebantur,
467 1686 594 1742 quorum
616 1685 688 1744 pars
712 1665 904 1743 deprehensa
931 1666 962 1724 in
992 1671 1158 1744 conspectu
1185 1686 1238 1724 no-

237 1761 369 1812 strorum
402 1751 530 1810 militum
564 1772 631 1810 cum
666 1751 803 1811 cruciatu
836 1752 1010 1810 necabatur.
1062 1752 1138 1810 Erat
1160 1770 1239 1810 unus

237 1839 320 1896 intus
342 1837 476 1897 Nervius
499 1837 620 1896 nomine
642 1837 777 1911 Vertico,
801 1837 867 1896 loco
894 1843 985 1895 natus
1007 1837 1152 1910 honesto,
1188 1837 1239 1912 qui

236 1945 254 1982 a
286 1923 384 2000 prima
411 1923 568 1981 obsidione
602 1922 641 1981 ad
670 1921 847 1981 Ciceronem
880 1919 1057 1999 perfugerat
1091 1941 1238 1996 suamque
1353 1928 1356 1932 ’

237 2009 265 2067 ci
287 2007 379 2066 fidem
391 2008 587 2085 praestiterat.
622 2007 682 2065 Hic
705 2027 794 2068 servo
818 2027 873 2084 spe
895 2007 1047 2067 libertatis
1058 2007 1238 2084 magnisque

236 2093 402 2171 persuadet
423 2093 567 2170 praemiis,
589 2099 624 2150 ut
645 2093 763 2152 litteras
786 2092 825 2151 ad
837 2092 991 2152 Gaesarem
1011 2091 1138 2152 deferat.
1172 2092 1239 2151 Has

237 2179 288 2236 ille
311 2177 341 2236 in
360 2177 463 2275 jaculo
486 2178 620 2255 illigatas
644 2176 735 2238 effert
758 2186 788 2236 et
812 2178 920 2237 Gallus
942 2178 1021 2237 inter
1045 2178 1151 2237 Gallos
1175 2178 1240 2237 sine

237 2264 300 2322 ulla
330 2263 502 2342 suspicione
531 2270 672 2324 versatus
701 2263 740 2322 ad
765 2262 918 2323 Caesarem
939 2264 1087 2341 pervenit.
1132 2262 1181 2321 Ab
1205 2283 1240 2322 eo

239 2350 276 2408 de
298 2349 444 2427 periculis
468 2349 623 2408 Ciceronis
645 2348 835 2426 legionisque
859 2349 1062 2425 cognoscitur

323 2435 440 2493 XLVI
487 2433 591 2494 Ceasar
613 2435 748 2531 acceptis
770 2435 806 2492 lit
794 2435 881 2493 tteris
903 2435 979 2493 hora
1001 2434 1122 2493 circiter
1145 2405 1240 2493 unde·

239 2521 316 2579 cima
338 2520 398 2579 diei
420 2521 524 2580 statim
545 2522 684 2578 nuntium
705 2521 738 2578 in
760 2520 943 2579 Bellovacos
967 2518 1006 2578 ad
1028 2520 1069 2578 M
1097 2519 1242 2579 Crassum

239 2612 422 2680 quaestorem
444 2606 545 2681 mittit,
581 2605 670 2682 cujus
703 2606 831 2664 hiberna
864 2605 990 2664 aberant
1024 2606 1061 2663 ab
1092 2625 1126 2664 eo
1158 2603 1241 2664 milia

237 2710 384 2768 passuum
405 2691 508 2752 XXV.
554 2692 650 2751 Jubet
676 2691 777 2750 media
798 2697 888 2749 nocte
916 2691 1067 2767 legionem
1089 2689 1242 2768 proficisci

239 2776 438 2850 celeriterque
467 2776 507 2834 ad
535 2796 569 2835 se
597 2777 710 2837 venire.
766 2776 840 2834 Exit
868 2796 936 2834 cum
964 2775 1069 2834 nuntio
1099 2775 1240 2836 Crassus.

238 2861 378 2920 Alterum
401 2860 438 2918 ad
463 2861 499 2920 G.
512 2861 642 2920 Fabium
664 2862 800 2938 legatum
821 2861 923 2936 mittit,
947 2868 981 2919 ut
1003 2860 1240 2921 inAtrebatium

238 2945 314 3004 fines
337 2946 486 3023 legionem
509 2947 651 3022 adducat,
676 2967 736 3021 qua
760 2947 818 3005 sibi
840 2947 899 3005 iter
914 2946 1088 3006 faciendum
1113 2946 1238 3006 sciebat.

240 3031 353 3090 Scribit
374 3032 526 3105 Labieno,
553 3034 583 3091 si
604 3032 650 3091 rei
671 3031 802 3109 publicae
827 3031 983 3091 commodo
1006 3031 1110 3091 facere
1131 3033 1240 3109 possit,

239 3137 307 3175 cum
328 3117 448 3194 legione
471 3117 515 3176 ad·
531 3117 608 3176 fines
636 3117 819 3177 Nerviorum
848 3118 966 3190 veniat;
995 3117 1142 3192 reliquam
1172 3137 1241 3195 par-

238 3210 300 3262 tem
333 3204 493 3278 exercitus,
529 3203 609 3279 quod
642 3203 733 3281 paulo
763 3203 869 3262 aberat
896 3202 1033 3279 longius,
1063 3221 1124 3261 non
1153 3209 1242 3280 putat

239 3287 458 3365 expectandam
465 3308 471 3362 ;
497 3289 615 3363 equites
638 3288 759 3347 circiter
779 3287 1017 3364 quadringentos
1041 3307 1078 3346 ex
1095 3287 1241 3365 proximis

238 3373 373 3432 hibernis
396 3374 519 3450 colligit.

323 3458 458 3518 XLVII.
503 3459 588 3518 Hora
611 3459 733 3518 circiter
754 3459 845 3518 tertia
868 3459 905 3516 ab
929 3457 1178 3517 antecursoribus
1202 3457 1240 3516 de

239 3542 343 3601 Crassi
365 3542 499 3604 adventu
522 3545 633 3603 certior
654 3542 756 3603 factus
786 3564 820 3604 eo
850 3543 898 3602 die
920 3542 1003 3602 milia
1025 3562 1172 3621 passuum
1195 3543 1240 3602 vi-

238 3628 316 3704 ginti
343 3629 490 3706 procedit.
554 3630 698 3688 Crassum
732 3628 954 3689 Samarobrivae
988 3627 1118 3706 praeficit
1149 3628 1242 3705 legio-

238 3733 368 3790 nemque
396 3714 549 3788 attribuit,
579 3714 660 3790 quod
682 3715 725 3773 ibi
747 3714 963 3793 impedimenta
992 3714 1160 3788 exercitos,
1189 3714 1242 3772 ob-

239 3799 322 3857 sides
345 3799 522 3874 civitatum,
548 3799 667 3858 litteras
700 3800 840 3876 publicas
869 3799 1115 3874 frumentumque
1144 3818 1241 3874 omne,

240 3884 322 3958 quod
351 3904 385 3942 eo
415 3883 582 3942 tolerandae
616 3885 724 3943 hiemis
754 3904 847 3944 causa
874 3884 1054 3958 devexerat,
1091 3884 1242 3959 relinque-

238 3970 301 4026 bat.
345 3969 471 4043 Fabiae,
494 3975 529 4026 ut
550 3969 730 4046 imperatum
754 3976 828 4044 erat,
851 3989 912 4028 non
934 3971 978 4027 ita
999 3969 1128 4028 multum
1145 3989 1242 4028 mora-

239 4059 289 4110 tus
322 4052 354 4110 in
375 4053 483 4110 itinere
518 4052 585 4112 oum
607 4054 727 4130 legione
751 4055 893 4113 occurrit.
938 4054 1093 4113 Labienus
1115 4054 1242 4113 interitu
1276 4119 1280 4128 ¹
