2967 4609
1178 359 1416 414 LIBER
1453 360 1583 414 VII.
2268 371 2388 428 129

378 554 790 613 succederent
834 575 1189 630 omnemque
1249 555 1465 614 Galliae
1524 555 1783 614 salutem
1837 556 1899 613 in
1954 556 2058 614 illo
2122 557 2382 634 vestigio

376 641 677 718 temporis
744 641 1004 717 positam
1072 641 1546 715 arbitrarentur,
1618 641 1841 699 accidit
1898 642 2387 718 inspectantibus

377 726 585 800 nobiS,
635 726 798 801 quod
843 725 1091 803 dignum
1138 726 1428 785 memoria
1472 727 1673 786 visum
1717 728 2210 804 praetereundum
2266 750 2388 788 non
2471 792 2476 797 ,

375 812 889 871 existimavimus.
984 812 1242 887 Quidam
1288 821 1430 871 ante
1473 819 1713 889 portam
1760 813 1968 889 oppidi
2017 812 2232 873 Gallus
2276 836 2388 892 per

376 917 603 956 manus
671 898 800 957 sevi
868 918 937 956 ac
1003 899 1157 975 picis
1225 899 1483 956 traditas
1552 898 1765 974 glebas
1831 898 2156 974 inignem
2215 920 2248 958 e
2293 920 2386 958 re-

377 985 565 1061 gione
610 984 794 1042 turris
839 982 1227 1060 projiciebat;
1278 984 1597 1061 scorpione
1645 985 1720 1042 ab
1767 984 1956 1042 latere
2003 984 2214 1043 dextro
2262 992 2384 1043 tra-

369 1069 399 1146 j
411 1077 586 1128 ectus
633 1070 1127 1145 exanimatusque
1174 1069 1454 1128 concidit.
1546 1070 1726 1128 Hunc
1773 1090 1847 1127 ex
1891 1070 2182 1146 proximis
2227 1091 2386 1130 unus

372 1155 689 1231 jacentem
755 1163 1176 1232 transgressus
1255 1155 1467 1214 eodem
1525 1155 1627 1213 illo
1682 1175 1930 1214 munere
1984 1155 2382 1233 fungebatur;

380 1241 600 1299 eadem
643 1241 875 1299 ratione
920 1242 1045 1299 ictu
1090 1242 1425 1319 scorpionis
1498 1241 1836 1299 exanimato
1910 1241 2084 1300 alteri
2143 1262 2386 1300 succes-

380 1327 468 1384 sit
499 1327 728 1385 ·tertius
776 1335 836 1385 et
879 1328 1056 1385 tertio
1106 1335 1386 1402 quartus3
1456 1347 1568 1385 nec
1626 1327 1798 1404 prius
1852 1327 1955 1385 ille
2012 1336 2109 1386 est
2169 1349 2203 1385 a
2248 1349 2386 1406 pro—

378 1414 827 1490 pugnatoribus
873 1433 1102 1472 vacuus
1148 1414 1395 1472 relictus
1440 1413 1632 1485 locuS,
1694 1433 1873 1488 quam
1930 1414 2221 1472 restincto
2283 1434 2385 1490 ag—

380 1518 530 1574 gere
579 1505 757 1574 atque
804 1500 964 1557 omni
1012 1519 1082 1557 ea
1148 1506 1323 1575 parte
1383 1499 1701 1556 summotis
1767 1499 2050 1557 hostibus
2106 1498 2244 1557 finis
2293 1507 2388 1558 est

379 1584 697 1660 pugnandi
741 1583 963 1643 factus,

558 1670 799 1730 XXVI.
894 1669 1111 1730 Omnia
1156 1669 1392 1746 experti
1438 1669 1618 1744 Galli,
1668 1670 1830 1745 quod
1874 1690 1974 1729 res
2031 1671 2200 1729 nulla
2245 1691 2382 1729 suc-

383 1763 692 1831 cesserat,
772 1764 1017 1833 postero
1087 1755 1184 1813 die
1264 1755 1580 1813 consilium
1648 1763 1940 1832 ceperunt
2021 1776 2093 1814 ex
2162 1757 2385 1833 oppido

378 1840 711 1918 profugere
756 1843 1039 1900 hortante
1085 1848 1146 1900 et
1184 1841 1438 1918 jubente
1475 1841 1992 1920 Vercingetorige.
2084 1841 2163 1899 Id
2202 1842 2383 1900 silen-

383 1927 472 1984 tio
520 1927 717 1986 noctis
763 1918 966 1986 conati
1011 1948 1132 1985 non
1176 1947 1416 2003 magna
1433 1926 1677 2002 jactura
1723 1946 1968 1991 suorum
2015 1946 2150 1986 sese
2198 1926 2385 1986 effec-

378 2021 555 2072 turos
602 2015 946 2090 sperabant,
993 2020 1316 2090 propterea
1362 2012 1526 2087 quod
1569 2031 1767 2087 neque
1810 2012 1989 2088 longe
2037 2015 2112 2071 ab
2161 2013 2383 2090 oppido
2423 2083 2428 2088 ¹

382 2105 593 2157 castra
633 2099 1154 2176 Vercingetorigis
1200 2100 1471 2173 aberant,
1524 2105 1584 2156 et
1638 2097 1835 2175 paluS,
1894 2119 2029 2173 quae
2086 2108 2384 2176 perpetua

377 2184 815 2259 intercedebat,
863 2186 1173 2243 Romanos
1220 2179 1298 2242 ad
1341 2184 1784 2259 insequendum
1828 2184 2131 2243 tardabat.
2203 2186 2376 2244 Jam-

379 2290 501 2344 que
546 2270 661 2329 hoc
706 2270 909 2330 facere
954 2277 1137 2328 noctu
1184 2272 1578 2347 apparabant,
1628 2290 1813 2345 quum
1858 2277 2083 2328 matres
2130 2269 2378 2328 familiae

375 2363 634 2432 repente
699 2357 761 2414 in
827 2357 1137 2434 publicum
1203 2361 1636 2432 procurrerunt
1692 2354 2027 2430 flentesque
2084 2355 2378 2432 projectae

380 2441 463 2500 ad
507 2443 697 2518 pedes
744 2462 991 2501 suorum
1037 2442 1315 2500 omnibus
1358 2440 1646 2518 precibus
1690 2441 2023 2517 petierunt,
2081 2461 2158 2498 ne
2204 2461 2270 2499 se
2318 2447 2380 2499 et

378 2547 732 2586 communes
775 2529 1000 2587 liberos
1046 2527 1323 2585 hostibus
1372 2525 1448 2584 ad
1496 2525 1860 2603 supplicium
1885 2525 2196 2600 dederent,
2225 2546 2377 2601 quos

379 2613 466 2671 ad
511 2614 867 2691 capiendam
911 2613 1121 2690 fugam
1167 2619 1401 2670 naturae
1449 2618 1510 2669 et
1555 2611 1773 2671 virium
1817 2609 2134 2670 infirmitas
2191 2612 2378 2688 impe-

381 2698 561 2780 diret.
651 2699 774 2758 Ubi
821 2720 925 2759 eos
969 2700 1031 2758 in
1077 2698 1380 2757 sententia
1401 2703 1678 2775 perstare
1716 2696 2017 2770 viderunt,
2067 2696 2230 2772 quod
2253 2697 2380 2774 ple-

377 2805 641 2860 rumque
706 2786 796 2843 in‘
836 2805 1067 2844 summo
1134 2784 1402 2861 periculo
1470 2782 1652 2841 timor
1716 2782 2193 2841 misericordiam
2260 2803 2381 2842 non

374 2871 620 2948 recipit,
668 2872 1044 2930 conclamare
1088 2877 1149 2928 et
1193 2868 1538 2946 significare
1597 2867 1671 2927 de
1727 2867 1876 2946 fuga
1920 2867 2214 2927 Romanis
2262 2889 2382 2928 coe-

378 2965 622 3033 perunt.
736 2957 869 3028 Quo
936 2958 1150 3015 timore
1210 2955 1517 3033 perterriti
1551 2954 1764 3028 -Galli,
1834 2975 1911 3012 ne
1970 2955 2044 3012 ab
2109 2955 2382 3031 equitatu

380 3043 797 3101 Romanorum
861 3043 977 3104 viae
1045 3047 1639 3120 praeoccuparentur,
1701 3040 1949 3098 consilio
1998 3039 2380 3098 destiterunt.

558 3129 836 3188 XXVII.
926 3130 1181 3187 Postero
1229 3126 1326 3184 die
1375 3124 1583 3184 Caesar
1627 3131 1902 3202 promota
1946 3126 2099 3182 turri
2143 3124 2378 3201 perfec—

380 3213 588 3289 tisque
635 3216 938 3292 operibuS,
1008 3235 1143 3289 quae
1212 3211 1417 3270 facere
1483 3211 1850 3285 instituerat,
1910 3230 2127 3286 magno
2177 3217 2381 3268 coorto

380 3300 579 3377 imbre
623 3321 744 3359 non
787 3300 1062 3359 inutilem
1105 3300 1262 3358 hanc
1322 3296 1400 3355 ad
1456 3296 1816 3374 capiendum
1875 3295 2192 3354 consilium
2235 3303 2384 3354 tem-
2424 3362 2438 3370 .

381 3378 688 3462 pestatem
734 3387 1083 3460 arbitratus,
1132 3384 1293 3460 quod
1336 3383 1518 3460 paulo
1585 3381 1887 3440 incautius
1946 3380 2253 3439 custodias
2322 3381 2384 3439 in

381 3491 557 3530 muro
626 3472 955 3550 dispositas
1023 3471 1289 3544 videbat,
1371 3488 1516 3527 suos
1592 3488 1834 3545 &quoque
1913 3467 2258 3543 langvidius
2324 3467 2388 3525 in

382 3577 572 3634 opere
611 3558 852 3627 ‚versari
889 3557 1080 3634 jussit
1124 3563 1202 3630 et,
1252 3554 1399 3630 quid
1440 3553 1574 3612 fieri
1617 3553 1821 3627 vellet,
1879 3552 2165 3612 ostendit.
2268 3553 2385 3611 Le-

384 3642 789 3719 gionibusque
834 3644 995 3702 intra
1038 3643 1249 3703 vineas
1294 3641 1357 3698 in
1402 3639 1638 3698 occulto
1686 3639 1984 3716 expeditis
2009 3639 2380 3713 cohortatuS,

383 3736 458 3786 ut
503 3729 823 3804 aliquando
868 3749 976 3806 pro
1023 3728 1208 3787 tantis
1252 3726 1565 3784 laboribus
1609 3723 1879 3783 fructum
1924 3725 2194 3783 victoriae
2249 3743 2387 3800 per-

388 3815 682 3891 ciperent,
746 3816 841 3890 iis,
906 3815 1009 3890 qui
1075 3814 1254 3892 primi
1320 3832 1557 3870 murum
1617 3810 2065 3884 escendissent,
2138 3809 2390 3886 praemia

386 3901 706 3977 proposuit
772 3901 1187 3975 militibusque
1256 3898 1497 3974 signum
1565 3896 1749 3956 dedit.
1873 3895 1972 3954 Illi
2040 3895 2239 3952 subito
2310 3914 2385 3951 ex

390 3987 669 4045 omnibus
714 3987 991 4064 partibus
1049 3985 1443 4045 evolaverunt
1501 4002 1858 4056 murumque
1905 3979 2181 4039 celeriter
2227 3999 2390 4037 com-

388 4071 730 4148 pleverunt.
2047 4144 2080 4197 9
