2967 4609
255 330 317 398 164
574 328 627 381 Du
645 325 771 382 BELLO
791 325 960 382 GALLIOO

254 524 477 584 circumventos
511 521 758 600 aggrederentur.
816 521 910 598 Cujus
944 523 1014 594 mali
1048 487 1115 583 sois
1149 525 1256 585 incidit

253 608 368 683 Remis,
402 607 513 683 quibus
545 608 597 666 ille
631 607 697 668 dies
730 605 879 685 fungendi
911 608 1044 668 muneris
1079 610 1255 670 obvenerat.

252 694 392 770 Namque
414 693 445 752 hi
475 713 568 770 quum
591 702 716 771 repente
735 693 867 752 hostium
885 693 1002 769 equites
1026 694 1256 756 animadvertis-

253 787 322 841 sent
349 799 385 838 ac
413 798 537 840 numero
567 780 739 857 superiores
775 779 961 856 paucitatem
990 781 1255 859 contempsissent,

254 864 394 944 cupidius
433 865 564 925 insecuti
601 865 758 942 peditibus
790 863 924 941 undique
958 873 1029 924 sunt
1062 865 1255 944 cncumdati3

253 972 312 1028 qno
345 950 428 1010 facto
460 951 630 1028 perturbati
663 951 810 1024 celerina,
850 970 941 1027 qnam
974 952 1160 1012 consvetudo
1194 953 1258 1014 fert

254 1036 406 1114 equestris
428 1037 537 1114 proelii,
566 1054 603 1095 se
635 1043 818 1115 receperunt
851 1037 962 1096 amisso
991 1037 1142 1114 Vertisco,
1171 1041 1256 1117 prin—

253 1123 320 1201 cipe
343 1122 486 1197 civitatis,
525 1121 688 1205 praefecto!
709 1121 858 1198 equitum,
894 1123 947 1198 qui
975 1143 1068 1198 quum
1101 1124 1153 1185 vix
1176 1144 1254 1202 equo

251 1215 377 1287 propter
399 1215 522 1267 aetatem
548 1214 656 1286 posset
683 1207 746 1282 uti,
775 1214 877 1267 tamen
905 1209 1124 1269 consuetudine
1153 1209 1255 1270 Gallo-

251 1314 319 1354 rum
341 1313 439 1369 neque
463 1294 563 1353 aetatis
586 1293 781 1353 excusatione
803 1293 835 1352 in
858 1293 1054 1372 suscipienda
1069 1294 1257 1374 praefectura

251 1399 326 1440 neus
360 1386 426 1438 erat
457 1399 557 1455 neque
595 1379 733 1439 dimicari
766 1378 833 1439 sine
871 1397 905 1439 se
938 1380 1085 1440 voluerat.
1140 1381 1255 1442 inflan-

252 1474 302 1525 tur
345 1472 435 1540 atque
474 1464 639 1524 incitantur
679 1465 812 1524 hostium
852 1465 942 1525 animi
981 1466 1114 1526 secundo
1147 1468 1254 1546 proelio

252 1551 392 1629 principe
414 1557 446 1609 et
466 1551 615 1629 praefecto
637 1551 804 1611 Remorum
830 1549 992 1611 interfecto
1022 1553 1180 1628 nostrique
1202 1552 1254 1612 de-

251 1637 392 1696 trimento
422 1635 620 1696 admonentur
647 1636 823 1714 diligentius
851 1636 1015 1715 exploratis
1043 1637 1121 1698 locis
1150 1639 1254 1698 statio

251 1741 307 1782 nes
329 1722 491 1800 disponere
515 1742 550 1782 ac
572 1722 759 1782 moderatius
782 1722 942 1782 cedentem
963 1723 1083 1800 insequi
1104 1725 1231 1784 hostem.

336 1807 433 1867 XHI.
478 1807 549 1868 Non
571 1808 777 1868 intermittunt
800 1809 921 1868 interim
950 1809 1126 1884 quotidiana
1147 1811 1256 1889 proelia

250 1895 283 1953 in
304 1900 472 1972 conspectu
493 1901 690 1970 utrorumque
713 1901 892 1969 castrorum,
916 1913 984 1970 quae
1007 1894 1137 1955 advada
1154 1902 1255 1956 trans—

250 1981 373 2055 itusque
393 1978 509 2040 fiebant
529 1980 660 2058 paludis.
696 1979 764 2051 Qua
787 1981 979 2040 contentione
1003 1979 1154 2056 Germani,
1179 2001 1255 2058 quos

250 2071 414 2143 propterea
437 2063 545 2125 Caesar
565 2065 746 2125 traduxerat
756 2066 907 2140 Rhenum,
930 2073 965 2124 ut
987 2067 1140 2142 equitibus
1162 2067 1255 2127 inter-

249 2150 342 2228 positi
363 2149 589 2227 proeliarentnr,
614 2171 707 2227 quum
732 2151 922 2211 constantius
949 2152 1085 2212 universi
1112 2153 1256 2231 paludem

251 2235 436 2296 transissent
464 2235 631 2314 paucisque
663 2237 876 2297 resistentibus
915 2236 1084 2299 interfectis
1122 2239 1255 2317 pertina-

252 2323 317 2381 cius
349 2321 500 2397 reliquam
532 2321 756 2382 multitudinem
789 2329 893 2383 essent
925 2323 1064 2398 insecuti,
1098 2325 1253 2402 perterriti

249 2428 310 2468 non
342 2408 442 2468 solum
473 2409 509 2483 ii,
544 2408 595 2484 qni
629 2415 681 2468 aut
714 2409 882 2468 comminus
916 2410 1165 2488 opprimebantur
1198 2419 1255 2470 aut

252 2493 369 2553 eminus
392 2495 641 2570 vulnerabantur,
666 2494 845 2569 sedetiam,
869 2496 920 2571 qui
947 2495 1068 2573 longius
1091 2495 1257 2556 subsidiari

252 2587 445 2656 consuerant,
478 2581 609 2658 turpiter
642 2579 825 2658 refugerunt
856 2600 913 2640 nec
945 2581 1031 2659 prius
1058 2580 1149 2641 finem
1171 2581 1255 2659 fugae
1353 2586 1357 2592 “

250 2664 391 2727 fecerunt
414 2684 497 2746 saepe
519 2666 639 2726 amissis
663 2666 870 2745 superioribus
900 2667 990 2740 locis,
1021 2687 1112 2744 quarn
1140 2687 1173 2727 se
1203 2675 1256 2728 ant

250 2751 283 2810 in
317 2758 420 2811 eastra
454 2771 579 2811 snorum
601 2752 782 2830 reciperent,
818 2759 871 2812 aut
897 2753 1034 2812 nonnulli
1060 2752 1176 2832 pudore
1206 2774 1254 2813 co-

252 2837 313 2896 acti
335 2837 456 2914 longius
484 2835 693 2915 profugerent.
750 2837 886 2908 Quorum
914 2839 1048 2916 periculo
1077 2839 1122 2898 sic
1151 2859 1254 2899 omnes

251 2922 348 3000 copiae
380 2929 452 2982 sunt
472 2923 670 3000 perturbata,
703 2929 737 2981 ut
765 2923 817 2984 vix
841 2922 975 3000 judicari
1002 2932 1122 3002 posset,
1153 2932 1254 2984 utrum

251 3006 394 3068 secundis
432 3007 624 3084 minimisque
657 3009 750 3068 rebus
787 3008 1017 3085 insolentiores,
1052 3030 1091 3069 an
1124 3010 1253 3071 adverso

162 3102 165 3107 “
249 3093 396 3154 mediocri
417 3113 491 3154 casu
513 3093 683 3154 timidiores
706 3101 820 3154 essent.

335 3179 424 3241 XIV.
471 3179 686 3258 Compluribus
715 3178 824 3240 diebus
852 3180 960 3240 iisdem
987 3181 1020 3240 in
1049 3182 1159 3241 castris
1182 3201 1253 3241 oon-

250 3266 381 3344 sumptis
404 3286 497 3342 quum
519 3266 645 3344 propius
674 3266 844 3327 accessisse
865 3266 1002 3344 legiones
1025 3275 1056 3326 et
1078 3267 1116 3326 G.
1139 3266 1253 3328 Trebo-

249 3351 333 3410 nium
371 3350 507 3429 legatum
546 3358 730 3429 cognossent
759 3351 853 3412 duces
886 3351 1130 3428 Bellovacorum,
1164 3353 1254 3413 veriti

250 3436 381 3497 similem
404 3437 614 3498 obsessionem
639 3437 755 3496 Alesiae
785 3444 878 3497 noctu
909 3437 1063 3498 dimittunt
1091 3458 1153 3514 eos,
1176 3458 1253 3515 quos

250 3528 303 3582 aut
325 3529 416 3582 aetate
444 3530 497 3582 aut
524 3523 642 3584 viribus
669 3522 831 3584 inferiores
860 3530 912 3582 aut
939 3524 1071 3584 inermes
1098 3524 1253 3584 habebant

249 3627 371 3684 unaque
398 3608 516 3684 reliqua
543 3609 768 3688 impedimenta.
820 3607 955 3682 Quorum
981 3611 1193 3688 perturbatum
1222 3618 1254 3670 et

251 3693 412 3754 confusum
433 3693 506 3753 dum
528 3694 682 3772 explicant
703 3715 812 3773 agmen
834 3693 956 3773 (magna
985 3696 1064 3755 enim
1091 3695 1253 3756 multitudo

251 3799 406 3840 carrorum
429 3779 519 3840 etiam
541 3779 700 3858 expeditos
730 3780 819 3857 sequi
850 3779 955 3841 Gallos
985 3781 1171 3857 consuevit),
1201 3795 1253 3860 op·

250 3865 350 3943 pressi
371 3864 440 3925 luce
462 3865 567 3944 copias
590 3873 775 3926 armatorum
796 3886 852 3945 pro
875 3867 940 3926 suis
958 3867 1115 3927 instruunt
1132 3868 1253 3943 castris,

250 3951 395 4028 ueprius
417 3950 548 4010 Romani
570 3952 714 4030 persequi
736 3971 771 4011 se
792 3951 978 4030 inciperent,
1011 3972 1103 4029 quam
1131 3952 1254 4032 longius

251 4053 360 4111 agmen
381 4036 665 4113 impedimentorum
686 4056 811 4096 suorum
832 4038 1043 4115 processisset.
1088 4039 1131 4098 At
1149 4038 1255 4099 Gaesar
