2967 4609
1260 387 1500 441 LIBER
1537 388 1668 442 VII.
2312 402 2340 457 1
2352 401 2387 457 2
2399 401 2432 458 7

428 581 631 656 lisque
674 581 1151 641 excruciaverat.
1241 581 1327 639 Hi
1364 581 1498 657 jam
1543 591 1682 641 ante
1727 583 1947 658 edocti,
1997 604 2133 659 quae
2179 586 2431 644 interro·

429 667 562 743 gati
605 667 1089 764 pronuntiarent,
1156 667 1382 726 milites
1448 688 1517 726 se
1585 686 1723 727 esse
1776 669 2144 745 legionarios
2191 670 2432 745 dicunt;

430 751 596 812 fame
643 760 705 811 et
746 753 953 830 inopia
997 752 1295 810 adductos
1343 753 1500 811 clam
1545 773 1619 811 ex
1664 754 1883 812 castris
1931 756 2151 830 exisse,
2199 757 2250 814 si
2286 757 2434 831 quid

428 837 728 897 frumenti
789 845 895 897 aut
959 837 1198 916 pecoris
1266 837 1327 895 in
1374 839 1541 915 agris
1585 840 1853 916 reperire
1898 848 2180 938 possent3
2252 841 2434 900 simili

430 943 669 983 omnem
714 924 1045 982 exercitum
1088 923 1293 1000 inopia
1336 923 1552 1020 premi,
1610 944 1722 983 nec
1760 924 1893 1000 jam
1935 927 2100 985 vires
2147 924 2432 986 sufficere

431 1009 793 1084 cuiusquam
835 1029 948 1067 nec
992 1008 1155 1067 ferre
1201 1010 1402 1086 operis
1445 1010 1717 1069 laborem
1772 1030 1985 1088 posse;
2045 1012 2252 1086 itaque
2309 1019 2431 1071 sta-

426 1095 625 1152 tuisse
669 1095 1118 1172 imperatorem,
1185 1095 1238 1153 si
1280 1095 1430 1152 nihil
1473 1095 1535 1152 in
1576 1097 2024 1174 oppugnatione
2061 1096 2266 1174 oppidi
2288 1117 2430 1176 pro-

424 1179 699 1252 fecisset,
749 1180 949 1238 triduo
996 1181 1329 1239 exercitum
1374 1180 1698 1239 deducere.
1768 1182 1940 1257 Haec,
1988 1183 2203 1258 inquit,
2241 1203 2276 1241 a
2314 1203 2427 1256 me,

425 1266 911 1342 Vercingetorix,
958 1265 1255 1324 beneficia
1297 1266 1569 1342 habetiS,
1630 1287 1809 1341 quem
1865 1268 2228 1344 proditionis
2285 1269 2429 1326 insi-

424 1351 693 1425 mulatis,
743 1351 920 1426 cujus
964 1371 1150 1428 opera
1195 1351 1326 1410 sine
1373 1359 1582 1411 vestro
1629 1353 1924 1429 sangvine
1980 1360 2217 1412 tantum
2260 1373 2428 1412 exer-

427 1437 616 1495 citum
661 1437 955 1495 victorem
1020 1435 1183 1496 fame
1224 1457 1402 1515 paene
1459 1445 1888 1515 consumptum
1945 1439 2189 1514 videtis,
2251 1460 2431 1514 quem

425 1522 690 1599 turpiter
756 1541 823 1580 se
890 1542 965 1580 ex
1031 1522 1146 1580 hac
1212 1522 1361 1599 fuga
1426 1523 1822 1601 recipientem
1888 1544 1965 1583 ne
2035 1545 2155 1600 qua
2214 1525 2430 1584 civitas

426 1608 561 1666 suis
604 1606 826 1666 finibus
872 1607 1145 1686 recipiat,
1194 1629 1230 1667 a
1272 1628 1370 1667 me
1414 1609 1728 1686 provisum
1773 1624 1887 1668 est.

599 1693 783 1750 XXI.
877 1691 1229 1752 Conclamat
1275 1694 1467 1752 omnis
1493 1694 1811 1754 multitudo
1861 1702 1922 1754 et
1967 1714 2076 1753 suo
2122 1715 2288 1754 more
2334 1716 2427 1753 ar-

422 1778 544 1837 mis
617 1785 943 1857 concrepat
1009 1778 1195 1853 (quod
1259 1778 1465 1839 facere
1532 1779 1596 1837 in
1661 1799 1732 1838 eo
1789 1788 2188 1856 consverunt,
2250 1781 2427 1857 cujus

427 1865 764 1923 orationem
842 1864 1203 1941 approbant)
1283 1885 1584 1925 summum
1661 1884 1797 1925 esse
1866 1865 2426 1943 Vercingetorigem

425 1949 664 2024 ducem,
729 1970 845 2008 nec
890 1949 966 2007 de
1034 1950 1167 2026 ejus
1234 1949 1355 2008 fide
1400 1950 1818 2025 dubitandum,
1888 1971 2000 2010 nec
2059 1951 2288 2028 majore
2332 1973 2426 2010 ra-

421 2035 591 2095 tione
633 2036 863 2094 bellum
929 2035 1338 2094 administrari
1403 2055 1607 2113 posse.
1721 2036 2027 2111 Statuunt,
2095 2044 2165 2095 ut
2219 2037 2428 2096 decem

422 2121 592 2179 milia
635 2121 944 2179 hominum
987 2120 1225 2179 delecta
1271 2141 1345 2180 ex
1402 2121 1682 2180 omnibus
1751 2122 1942 2200 copiis
2010 2123 2073 2180 in
2139 2122 2426 2200 oppidum

427 2207 898 2280 summittantur,
945 2226 1058 2266 nec
1104 2207 1251 2265 solis
1297 2207 1680 2284 Biturigibus
1739 2228 2113 2267 communem
2169 2209 2429 2267 salutem

428 2292 918 2351 committendam
984 2300 1253 2366 censent,
1322 2293 1488 2367 quod
1552 2313 1727 2370 paene
1781 2294 1845 2352 in
1890 2314 1979 2368 e0,
2042 2295 2093 2352 si
2149 2293 2213 2351 id
2258 2294 2426 2370 oppi-

428 2378 576 2437 dum
650 2377 1075 2452 retinuissent,
1156 2397 1453 2436 summam
1519 2379 1790 2437 victoriae
1861 2387 2140 2437 constare
2204 2379 2426 2437 intelli-

364 2473 368 2476 ’
474 2465 673 2523 ebant.

428 2485 472 2540 g
600 2549 820 2606 XXII.
906 2547 1213 2624 Singulari
1247 2547 1506 2606 militum
1542 2555 1890 2606 nostrorum
1925 2548 2136 2608 virtuti
2176 2548 2429 2607 consilia

430 2633 893 2711 cujusquemodi
939 2633 1253 2692 Gallorum
1301 2634 1720 2708 occurrebant,
1769 2641 1838 2691 ut
1883 2641 1978 2692 est
2023 2652 2272 2692 summae
2317 2653 2421 2710 ge-

428 2740 548 2779 nus
615 2718 899 2779 sollertiae
968 2725 1150 2793 atque
1219 2719 1296 2778 ad
1364 2719 1566 2777 omnia
1630 2718 1926 2777 imitanda
1982 2725 2043 2777 et
2089 2717 2425 2793 efficienda,

432 2825 567 2880 quae
614 2806 689 2864 ab
737 2823 978 2880 quoque
1022 2804 1363 2878 traduntur,
1413 2805 1814 2882 aptissimum.
1883 2804 2042 2864 Nam
2088 2812 2149 2863 et
2192 2804 2428 2879 laqueis

429 2890 623 2950 falces
669 2891 1056 2963 avertebant,
1116 2909 1268 2964 quas
1328 2910 1515 2965 quum
1568 2890 2054 2965 destinaverant,
2113 2889 2428 2948 tormentis

429 2977 731 3035 introrsus
775 2975 1169 3049 reducebant,
1218 2982 1281 3034 et
1325 2996 1612 3052 aggerem
1648 2976 1940 3034 cuniculis
1966 2976 2424 3048 subtrahebant,

432 3082 503 3121 eo
549 3060 858 3134 scientiuS,
907 3060 1069 3135 quod
1113 3060 1276 3137 apud
1322 3080 1426 3119 eos
1473 3081 1711 3138 magnae
1761 3068 1903 3119 sunt
1939 3059 2209 3119 ferrariae
2246 3068 2427 3134 atque

431 3167 606 3206 omne
672 3165 866 3224 genus
934 3146 1351 3204 cuniculorum
1415 3153 1629 3214 notum
1695 3153 1876 3220 atque
1955 3145 2246 3204 usitatum
2315 3152 2426 3202 est.

432 3233 652 3291 'I'otum
698 3239 902 3290 autem
945 3251 1184 3288 murum
1230 3251 1304 3289 ex
1351 3231 1514 3289 omni
1556 3238 1730 3309 parte
1765 3230 2036 3288 turribus
2073 3229 2424 3289 contabula-

432 3325 648 3378 verant
714 3325 895 3392 atque
938 3317 1049 3375 has
1118 3316 1296 3375 coriis
1341 3317 1702 3374 intexerant.
1793 3316 1946 3373 Tum
1993 3315 2223 3374 crebris
2269 3314 2430 3372 diur-

431 3404 529 3462 nis
572 3402 1006 3477 nocturnisque
1052 3402 1469 3479 eruptionibus
1529 3409 1633 3460 aut
1689 3402 1896 3478 aggeri
1953 3401 2156 3477 ignem
2210 3400 2430 3459 infere-

433 3490 582 3548 bant
650 3496 757 3548 aut
821 3488 1044 3545 milites
1117 3494 1448 3564 occupatos
1515 3487 1576 3545 in
1635 3507 1817 3565 opere
1876 3486 2306 3544 adoriebantur
2374 3493 2434 3544 et

431 3584 777 3633 nostrarum
821 3573 1079 3631 turrium
1126 3572 1529 3647 altitudinem,
1556 3579 1850 3647 quantum
1893 3573 2005 3631 has
2043 3572 2432 3647 quotidianus

435 3681 622 3737 agger
702 3665 1118 3735 expresserat,
1214 3658 1554 3717 commissis
1633 3678 1880 3717 suarum
1966 3657 2223 3716 turrium
2320 3655 2432 3714 alis

434 3745 857 3820 adaequabant,
906 3751 967 3802 et
1012 3750 1261 3821 apertos
1308 3744 1620 3802 cuniculos
1675 3751 1949 3822 praeusta
2006 3749 2068 3802 et
2123 3747 2434 3819 praeacuta

431 3830 686 3889 materia
743 3837 805 3888 et
870 3828 1008 3906 pice
1075 3827 1419 3888 fervefacta
1486 3836 1550 3888 et
1614 3829 1859 3888 maximi
1924 3827 2211 3905 ponderis
2270 3825 2433 3884 saxis

432 3917 825 3975 morabantur
867 3912 1290 3989 moenibusque
1336 3915 1824 3993 appropinquare
1868 3913 2290 3990 prohibebant.

602 3999 860 4060 XXIII.
929 4000 1093 4058 Muri
1137 4006 1338 4059 autem
1385 4020 1594 4059 omnes
1641 3999 1860 4059 Gallici
1904 3998 2020 4056 hac
2067 3995 2195 4054 fere
2239 3995 2435 4054 forma

435 4095 596 4146 sunt.
685 4087 920 4144 Trabes
965 4085 1235 4159 directae,
1297 4093 1610 4162 perpetuae
1669 4085 1731 4142 in
1774 4082 2228 4158 longitudinem,
2276 4080 2433 4159 pari-
