2967 4609
286 362 327 419 42
591 354 643 407 DE
661 352 788 408 BELLO
808 353 986 409 GALLIoo.
1015 408 1017 412 ,

370 548 511 607 XXXII.
556 548 607 607 Ad
627 550 693 608 haec
712 548 816 607 Caesar
837 549 1008 626 respondit:
1033 549 1072 608 Se
1094 550 1191 626 magis
1215 570 1286 610 con-

285 634 445 694 suetudine
469 654 532 706 sua,
557 655 647 710 quam
674 636 781 695 merito
811 655 914 694 eorum
942 636 1096 695 civitatem
1124 655 1287 695 conserva·

284 728 394 794 turum,
418 720 454 795 si,
482 721 658 797 priusquam
686 741 803 779 murum
837 720 915 779 aries
949 720 1112 797 attigisset,
1146 740 1179 780 se
1203 720 1286 780 dedi-

285 806 416 879 dissent,
456 806 513 864 sed
551 806 713 865 deditionis
746 806 859 864 nullam
887 826 955 865 esse
989 807 1195 865 condicionem
1227 808 1286 865 nisi

286 892 377 951 armis
400 892 535 965 traditis;
571 912 604 951 se
632 891 674 967 id,
705 892 786 967 quod
813 892 845 950 in
873 892 995 952 Nerviis
1022 891 1157 966 fecisset,
1187 891 1285 952 factu-

283 998 350 1035 rum
371 976 567 1052 finitimisque
601 978 828 1054 imperaturum,
862 998 900 1036 ne
935 998 1025 1053 quam
1059 977 1210 1037 dediticiis
1231 999 1285 1056 po-

283 1064 348 1140 puli
370 1064 500 1122 Romani
522 1064 663 1139 injuriam
684 1062 843 1122 inferrent.
893 1064 940 1121 Re
967 1064 1108 1121 nuntiata
1135 1064 1175 1121 ad
1203 1084 1285 1139 suos,

285 1169 352 1223 quae
381 1150 610 1226 imperarentur,
645 1146 747 1207 110111
781 1148 931 1207 dixerunt.
986 1150 1148 1208 Armorum
1175 1170 1285 1227 magna

255 1299 256 1305 ,
283 1234 476 1293 multitudine
499 1233 537 1293 de
558 1254 644 1293 1111110
666 1236 697 1293 in
719 1233 845 1310 fossam,
858 1255 925 1310 quae
949 1242 1014 1293 1111
1037 1242 1108 1293 ante
1130 1234 1283 1313 oppidum,

280 1320 375 1401 jacta,
400 1321 444 1379 sic
466 1328 500 1377 ut
521 1340 617 1397 prope
640 1340 787 1379 summam
808 1321 885 1379 muri
897 1321 1079 1397 aggerisque
1097 1320 1285 1381 altitudinem

284 1407 386 1465 acervi
420 1426 572 1464 armorum
605 1406 811 1482 adaequarent,
847 1413 877 1465 et
910 1413 1012 1465 tamen
1045 1406 1166 1465 circiter
1197 1415 1285 1484 parte

283 1492 383 1564 tertia,
407 1498 442 1549 ut
462 1499 572 1569 postea
593 1500 789 1569 perspectum
812 1500 868 1566 ost,
892 1493 990 1551 celata
1013 1499 1105 1567 atque
1122 1491 1154 1550 in
1172 1493 1284 1570 oppido

283 1582 402 1639 retenta
424 1578 520 1654 portis
543 1576 705 1655 patefactis
725 1598 764 1636 10
788 1577 837 1636 die
858 1598 934 1655 pace
958 1585 1029 1636 sunt
1050 1579 1109 1659 usi.

368 1662 529 1723 XXXIII.
576 1663 637 1723 Sub
661 1683 824 1741 vesperum
836 1655 941 1722 Ceasar
961 1671 1067 1741 portas
1090 1663 1191 1722 claudi
1208 1665 1283 1723 mili·

283 1755 391 1823 tesqua
414 1768 451 1807 ex
474 1749 584 1827 oppido
608 1750 690 1808 exire
708 1749 812 1826 jussit,
841 1769 879 1807 ne
903 1769 993 1824 quam
1021 1756 1114 1808 noctu
1142 1750 1285 1827 oppidani

284 1835 321 1892 ab
344 1834 489 1893 militibus
511 1835 653 1911 injuriam
676 1836 858 1912 acciperent.
903 1835 955 1893 Illi
977 1843 1047 1894 ante
1070 1834 1154 1910 inito,
1183 1844 1217 1893 ut
1239 1836 1283 1894 in-

188 1934 190 1941 ’
283 1919 441 1979 tellectum
474 1928 535 1995 est,
571 1921 711 1994 consilio,
747 1920 828 1996 quod
861 1920 1013 1979 deditione
1046 1920 1130 1979 facta
1162 1928 1283 1980 nostros

283 2005 427 2082 praesidia
449 2005 633 2065 deducturos
657 2013 709 2065 aut
728 2006 857 2081 denique
879 2006 1086 2083 indiligentius
1109 2014 1284 2066 servaturos

284 2090 484 2166 crediderant,
507 2100 577 2168 part
565 2092 618 2149 tim
640 2112 709 2149 cum
731 2092 779 2166 iis,
809 2112 876 2167 quae
899 2092 1086 2151 retinuerant
1108 2100 1139 2150 et
1167 2092 1284 2152 celave-

283 2183 361 2250 rant,
386 2177 486 2250 armis,
509 2177 619 2253 partim
642 2177 736 2235 scutis
768 2198 805 2236 ex
833 2178 944 2236 cortice
972 2177 1062 2236 factis
1093 2186 1145 2236 aut
1167 2178 1284 2248 vimini-

282 2262 341 2319 bus
363 2262 497 2336 intextis,
522 2282 589 2337 quae
613 2263 723 2337 subita,
747 2270 781 2320 ut
802 2264 946 2340 temporis
970 2264 1120 2340 exiguitas
1144 2272 1269 2361 postua
1207 2264 1283 2323 tua-l

284 2348 345 2423 bat,
369 2348 501 2425 pellibus
524 2348 715 2423 induxerant,
751 2349 842 2407 tertia
869 2349 982 2425 vigilia,
1012 2370 1072 2425 qua
1093 2349 1214 2408 minime
1237 2371 1284 2408 ar-

285 2432 362 2492 duus
386 2434 426 2491 ad
458 2441 579 2493 nostras
607 2414 790 2493 munitiones
819 2454 966 2493 ascensus
996 2435 1167 2510 videbatur,
1192 2436 1284 2493 omni-

283 2519 341 2577 bus
384 2520 478 2597 copiis
512 2521 670 2597 repentino
705 2540 742 2578 ex
777 2520 887 2597 oppido
918 2521 1105 2597 eruptionem
1138 2520 1284 2580 fecerunt.

286 2602 441 2680 Celeriter,
477 2613 511 2663 ut
545 2613 621 2664 ante
638 2606 742 2665 Caesar
775 2606 948 2684 imperarat,
983 2606 1105 2683 ignibus
1133 2606 1284 2683 significa-

283 2690 365 2749 tione
409 2690 491 2748 lacta
536 2711 573 2749 ex
604 2692 749 2769 proximis
784 2693 918 2750 castellis
953 2712 988 2749 eo
1023 2712 1203 2750 concursum
1237 2701 1285 2751 est

282 2783 510 2852 pugnatumque
534 2778 571 2834 ab
594 2778 734 2836 hostibus
756 2778 800 2835 ita
822 2778 932 2835 acriter
955 2785 1011 2851 est,
1034 2784 1109 2834 1111
1130 2777 1204 2836 viris
1222 2777 1284 2837 for-

282 2860 365 2919 tibus
387 2862 419 2919 111
442 2868 575 2920 extrema
608 2862 667 2939 spe'
697 2862 814 2936 salutiS,
847 2862 949 2937 iniquo
978 2862 1055 2936 loco,
1086 2869 1191 2921 contra
1221 2883 1284 2939 eos,

284 2947 335 3021 qui
359 2966 395 3004 ex
418 2948 497 3006 vallo
520 2948 716 3023 turribusque
738 2948 800 3005 tela
824 2946 979 3023 jacerent,
1008 2948 1138 3025 pugnari
1168 2948 1284 3025 debuit,

284 3052 376 3107 quum
408 3034 440 3091 in
469 3053 529 3091 una
561 3034 674 3094 virtuto
715 3034 812 3091 omnis
846 3053 918 3110 spes
951 3034 1059 3092 salutis
1093 3035 1284 3094 consisteret.

284 3116 403 3177 Occisis
426 3117 465 3177 ad
486 3119 640 3178 hominum
673 3118 794 3177 milibus
828 3126 971 3194 quattuor
998 3120 1107 3195 reliqui
1139 3120 1170 3178 in
1201 3122 1285 3198 oppi-

285 3203 357 3262 dum
380 3204 488 3280 rejecti
511 3212 589 3277 sunt.
639 3204 792 3263 Postridie
822 3204 890 3281 ejus
922 3204 982 3263 diei
1009 3204 1150 3264 refractis
1178 3208 1284 3283 portis,

284 3309 376 3363 quum
394 3290 460 3366 jam
483 3290 660 3349 defenderet
681 3310 779 3366 nemu,
811 3298 903 3366 atque
929 3291 1111 3350 intromissis
1139 3292 1285 3350 militibus
1326 3303 1328 3306 '

283 3376 396 3434 nostris
420 3376 585 3435 sectionem
619 3376 685 3453 ejus
719 3376 823 3454 oppidi
855 3377 1030 3436 universam
1053 3376 1284 3437 (11111111ηά1-

284 3459 337 3517 dit.
376 3460 425 3519 Ab
449 3461 496 3534 iis,
520 3463 572 3537 qui
595 3469 737 3536 emerant,
763 3463 896 3539 capitum
917 3482 1060 3521 numerus
1084 3462 1124 3521 ad
1146 3483 1214 3521 eum
1236 3482 1283 3521 re-

284 3545 366 3604 latus
391 3554 438 3604 est
461 3507 576 3606 milium
598 3539 689 3607 LIII

367 3632 520 3692 XXXIV.
565 3634 683 3693 Eodem
705 3640 840 3710 tempore
864 3654 882 3691 a
903 3632 937 3690 P
958 3632 1079 3708 Crasso,
1104 3653 1194 3709 quem
1217 3654 1285 3693 cum

282 3696 1201 3794 11110111111111111111111111101111111101,01111101,
1227 3719 1285 3778 Ou-

282 3803 445 3901 1101011111,
468 3804 611 3879 Esuvios,
634 3804 794 3878 Aulercos,
818 3804 971 3878 Redones,
1000 3825 1068 3879 quae
1098 3815 1168 3863 sunt
1196 3806 1285 3863 mari-

282 3889 364 3947 timas
388 3889 448 3949 civi
449 3895 528 3948 tates
552 3890 765 3964 Oceanumque
788 3890 956 3966 attingunt,
981 3890 1091 3949 certior
1113 3889 1215 3949 lactus
1237 3898 1286 3949 est

284 3993 387 4033 omnes
422 3994 473 4033 eas
501 3976 641 4035 civitates
674 3977 705 4034 in
734 3975 883 4033 dicionem
909 3983 1152 4052 potestatemque
1180 3976 1286 4054 populi

283 4059 413 4117 Romani
436 4079 505 4118 esse
527 4060 678 4120 redactas.
