2967 4609
259 363 301 421 34
559 352 613 405 nn
631 348 758 405 annno
778 333 956 404 cannino
1135 348 1141 356 ·

340 530 461 607 ΧΧἯτ
495 528 613 587 Diebus
637 526 840 601 circiterXV‚
864 525 975 601 quibus
997 526 1028 583 in
1045 525 1173 585 hiberna
1190 547 1262 585 ven-

255 624 319 676 tum
343 621 400 689 est,
434 614 552 673 nntium
580 614 732 689 repentini
759 612 907 670 tumultus
939 630 975 669 ac
1008 609 1191 671 defectionis
1213 632 1260 671 or-

195 718 209 749 *
255 710 320 761 tum
343 708 391 761 est
414 701 451 759 ab
474 698 652 775 Ambiorige
675 705 705 757 et
729 696 912 770 Catuvolco;
937 696 988 771 qui
1011 715 1103 771 quum
1125 697 1165 756 ad
1186 696 1262 756 fines

255 788 344 863 regni
367 786 413 845 sui
437 786 549 844 Sabino
574 783 733 860 Cottaeque
756 790 870 860 praesto
898 781 1033 840 fuissent
1061 781 1262 841 frumentum-

257 892 315 949 que
353 872 385 931 in
425 871 552 929 hiberna
591 869 879 948 comportavissent,
902 866 1103 929 Indutiomari
1145 867 1264 928 Treviri

257 957 372 1016 nuntiis
394 956 517 1034 impuisi
547 974 619 1014 suos
654 956 890 1014 concitaverunt
919 952 1080 1028 subitoque
1107 954 1263 1031 oppressis

254 1042 456 1121 lignatoribus
473 1060 584 1117 magna
601 1060 692 1099 manu
717 1039 757 1097 ad
775 1046 877 1098 castra
889 1038 1093 1116 oppugnanda
1104 1047 1262 1099 venerunt.

257 1128 357 1199 Quum
379 1128 517 1186 celeriter
539 1126 636 1186 nostri
660 1146 744 1183 arma
774 1123 929 1202 cepissent
956 1122 1130 1199 vallumque
1158 1144 1262 1184 ascen-

259 1213 378 1273 dissent
400 1219 493 1288 atque
520 1231 581 1270 una
604 1232 641 1270 ex
668 1216 756 1288 parte
783 1209 931 1286 Hispanis
961 1208 1114 1283 equitibus
1144 1211 1262 1269 emissis

257 1298 392 1375 equestri
424 1298 532 1375 proelio
568 1295 741 1373 superiores
776 1294 917 1369 fuissent,
953 1293 1115 1371 desperata
1148 1309 1186 1355 re‘
1210 1296 1263 1353 ho-

258 1393 321 1443 stes
345 1402 417 1442 suos
440 1384 477 1441 ab
502 1381 726 1461 oppugnatione
748 1381 943 1440 reduxerunt.
997 1380 1074 1437 Turn
1104 1400 1158 1438 suo
1181 1401 1264 1439 more

216 1527 218 1530 .
260 1470 542 1542 conclamaverunt,
578 1467 623 1525 uti
657 1467 751 1542 aliqui
790 1486 827 1525 ex
860 1465 974 1524 nostris
1008 1464 1048 1523 ad
1081 1466 1264 1541 colloquium

258 1554 431 1632 prodirent:
455 1553 569 1611 habere
593 1571 670 1627 sese,
695 1571 763 1628 quae
787 1551 880 1610 dere
903 1550 1053 1610 communi
1077 1551 1179 1611 dicere
1201 1551 1263 1610 vel-

166 1676 169 1683 ·
258 1640 331 1714 lent,
356 1638 466 1713 quibus
488 1639 581 1698 rebus
605 1637 831 1697 controversias
852 1636 946 1695 minui
974 1655 1066 1712 posse
1094 1644 1263 1714 sperarent.

343 1723 483 1783 XXVII.
529 1724 662 1782 Mittitur
685 1722 724 1781 ad
747 1742 799 1781 ecs
823 1721 1016 1797 colloquendi
1032 1740 1132 1790 ,causa
1155 1723 1192 1781 G.
1204 1723 1263 1781 Ar·

201 1832 206 1839 *
261 1810 382 1887 pinejus
416 1828 509 1884 eques
542 1809 709 1881 Romanus,
743 1807 903 1866 familiaris
937 1806 973 1878 Q.
1009 1806 1126 1882 Titurii,
1162 1817 1193 1867 et
1227 1807 1262 1878 Q.

257 1895 369 1954 Junius
392 1914 429 1952 ex
451 1894 602 1971 Hispania
625 1893 757 1969 quidam,
787 1892 838 1968 qui
856 1892 922 1968 jam
950 1899 1021 1950 ante
1043 1893 1138 1951 missu
1163 1892 1262 1952 Caesa-

260 1981 302 2039 ris
326 1979 365 2038 ad
387 1979 597 2057 Ambiorigem
619 1978 771 2038 ventitare
794 1985 970 2051 consuerat3
995 1977 1076 2055 apud
1100 1998 1176 2053 quos
1193 1978 1264 2036 Am-

260 2065 359 2123 biorix
382 2064 421 2122 ad
448 2065 528 2123 hunc
559 2064 681 2123 modum
709 2064 830 2122 locutus
854 2071 915 2125 est:
946 2062 1021 2121 Sese
1048 2084 1103 2140 pro
1132 2063 1265 2122 Caesaris

260 2150 291 2208 in
315 2169 348 2208 se
370 2148 527 2209 beneficiis
550 2149 716 2227 plurimum
740 2150 768 2207 ei
790 2148 928 2208 confiteri
951 2147 1072 2222 debere,
1097 2149 1178 2224 quod
1199 2148 1265 2225 ejus

260 2254 353 2313 opera
376 2234 526 2311 stipendio
549 2235 698 2293 liberatus
721 2242 813 2309 esset,
837 2233 918 2309 quod
936 2234 1107 2293 Aduatucis
1129 2232 1265 2293 finitimis

260 2321 325 2379 suis
347 2320 481 2398 pendere
504 2326 693 2394 consuesset,
718 2320 859 2395 quodque
882 2320 910 2377 ei
939 2325 970 2377 et
991 2317 1071 2378 fflius
1100 2325 1135 2377 et
1158 2319 1263 2378 fratris

260 2405 340 2465 fflius
364 2408 401 2465 ab
426 2405 548 2465 Caesare
570 2405 690 2464 remissi
714 2412 827 2480 essent,
852 2424 928 2481 quos
946 2404 1100 2463 Aduatuci
1123 2405 1264 2463 obsidum

260 2512 384 2551 numero
408 2492 519 2551 missos
550 2490 631 2569 apud
656 2510 693 2553 ,se
715 2492 747 2549 in
770 2490 917 2550 servitute
946 2497 977 2549 et
990 2565 993 2570 Ι
1008 2490 1122 2549 catenis
1150 2491 1263 2549 tenuis-

262 2583 345 2650 sent;
375 2596 474 2652 neque
497 2577 539 2652 id,
575 2576 656 2651 quod
689 2575 798 2635 fecerit
826 2576 864 2634 de
894 2570 1120 2653 oppugnatione
1151 2584 1265 2634 castro·

260 2683 335 2737 rum,
370 2668 423 2720 aut
451 2662 568 2737 judicio
597 2668 650 2720 aut
672 2662 829 2722 voluntate
852 2680 909 2719 sua
930 2660 1052 2735 fecisse,
1081 2661 1136 2719 sed
1159 2668 1268 2720 coactu

264 2738 408 2821 civita'tis,
432 2766 547 2823 suaque
571 2766 639 2805 esse
668 2746 818 2823 ejusmodi
845 2746 985 2825 imperia,
1020 2754 1053 2804 ut
1080 2766 1141 2805 nou
1168 2747 1267 2805 minus
1330 2740 1335 2745 ’

261 2832 388 2891 haberet
406 2831 486 2906 juris
508 2833 540 2890 in
562 2852 596 2890 se
618 2832 796 2906 multitudo,
827 2851 917 2906 quam
945 2832 1012 2909 ipse
1041 2832 1072 2889 in
1100 2831 1266 2890 multitudi-

261 2936 339 2975 nem¹
355 2915 510 2983 ‘Civitati
532 2937 622 2995 porro
646 2917 724 2975 hanc
747 2916 844 2975 fuisse
866 2917 940 2975 belli
958 2936 1091 2991 causam,
1116 2916 1198 2997 quod
1219 2938 1266 2975 re-

262 3001 584 3080 pentinaeNGallorum
617 3002 818 3078 conjurationi
851 3002 997 3061 resistere
1029 3022 1090 3061 non
1118 3001 1266 3080 potuerit;

261 3087 293 3146 id
316 3107 350 3148 se
373 3086 463 3147 facile
487 3107 524 3146 ex
546 3087 719 3147 humilitate
742 3108 799 3147 sua
820 3089 952 3166 probare
974 3106 1075 3164 posse,
1094 3088 1187 3163 quod
1208 3107 1268 3145 non

246 3173 338 3235 adeo
363 3172 402 3232 sit
424 3174 583 3251 imperitus
607 3193 719 3248 rerum,
750 3181 784 3231 ut
817 3174 881 3231 suis
911 3174 1007 3251 copiis
1039 3173 1185 3250 populum
1207 3173 1268 3230 Ro-

223 3261 225 3265 ’
262 3279 385 3317 manum
408 3259 545 3337 superari
568 3278 660 3337 posse
684 3257 834 3332 confidat3
865 3259 920 3317 sed
951 3276 1019 3317 esse
1050 3258 1159 3317 Galliae
1189 3278 1269 3317 com-

263 3364 353 3403 mune
395 3344 573 3403 consilium:
621 3344 760 3403 omnibus
807 3344 941 3403 hibernis
981 3342 1114 3402 Caesaris
1154 3364 1270 3421 oppug-

263 3428 373 3487 nandis
396 3428 476 3487 hunc
499 3448 568 3488 esse
591 3429 705 3488 dictum
729 3428 825 3504 diem,
855 3449 894 3488 ne
923 3449 984 3504 qua
1010 3429 1089 3506 legio
1119 3429 1206 3488 alteri
1228 3428 1270 3485 lc-

264 3513 347 3589 gioni
370 3513 505 3573 subsidio
529 3516 633 3575 venire
662 3522 777 3591 posset.
829 3514 898 3574 Non
926 3513 1016 3573 facile
1045 3514 1150 3573 Gallos
1175 3514 1271 3574 Gallis

264 3617 377 3674 negare
398 3600 546 3676 potuisse,
569 3600 741 3678 praesertim
765 3621 857 3677 quum
887 3600 925 3659 de
954 3599 1163 3677 recuperanda
1191 3619 1272 3658 com·

264 3684 348 3743 muni
370 3682 512 3743 libertate
536 3685 706 3745 comsilium
727 3686 835 3744 initum
857 3685 1020 3746 videretur.
1057 3684 1175 3756 Quibus
1199 3704 1271 3759 quo-

264 3770 345 3828 niam
366 3788 422 3847 pro
445 3770 559 3848 pietate
588 3770 784 3845 satisfecerit,
812 3772 925 3830 habere
953 3790 1034 3828 nunc
1063 3789 1096 3829 se
1125 3771 1273 3830 rationem

265 3852 359 3914 officii
387 3874 442 3932 pro
476 3854 633 3914 beneficiis
658 3854 806 3928 Caesaris3
841 3875 979 3930 monere,
1009 3875 1095 3914 orare
1123 3856 1279 3915 Titurium-

266 3959 321 4015 pro
346 3939 488 4017 hospitio,
523 3947 558 3998 ut
580 3958 643 3998 suae
673 3960 707 4000 ac
735 3941 863 4000 militum
891 3940 985 4000 saluti
1007 3941 1161 4000 consulat:
1190 3961 1272 4017 mag·

266 4042 336 4082 nam
357 4043 480 4082 manum
503 4024 724 4084 Germanorum
747 4026 929 4085 conductum
948 4027 1090 4086 Rhenum
1107 4028 1272 4098 transiese;
