2967 4609
264 375 346 462 114‘
539 433 543 437 .
586 395 639 448 uu
656 391 972 448 0011001111οο

261 591 349 651 tivie:
375 588 457 660 Quid
477 608 544 661 vos,
566 589 675 663 inquit,
699 588 778 646 hauc
800 588 942 646 miseram
966 608 1001 646 ac
1025 594 1147 646 tenuem
1170 593 1269 645 secta·

262 676 335 734 mini
353 674 499 753 praedam,
517 673 630 748 ¹quibus
649 673 723 732 licet
736 672 803 748 jam
815 692 884 731 esse
895 670 1169 732 fortunatissimis?
1202 671 1269 730 Tri·

261 763 321 820 bus
343 760 427 819 horis
449 758 643 817 Aduatucam
672 758 777 825 venire
804 759 950 836 potestis;
974 758 1033 818 huc
1062 775 1167 817 omnes
1196 775 1269 816 suas

264 846 404 906 fortunas
427 845 579 903 exercitus
597 844 805 902 Romanorum
828 844 969 918 contulit;
993 843 1130 921 praesidii
1151 849 1270 901 tantum

264 939 321 1007 est,
344 938 439 990 utne
461 935 566 1008 murus
590 929 713 1004 quidem
735 929 816 1006 cingi
833 929 941 1008 possit,
975 949 1074 1004 neque
1109 929 1270 1004 quisquam

264 1017 369 1094 egredi
391 1023 478 1075 extra
500 1014 682 1073 munitiones
710 1015 832 1073 audeat.
889 1014 1000 1073 Oblata
1028 1034 1083 1093 spe
1112 1014 1268 1088 Germani,

264 1123 355 1179 quam
386 1101 469 1160 nacti
497 1107 584 1159 erant
611 1098 763 1177 praedam,
793 1100 825 1158 iu
848 1101 966 1159 occulto
989 1101 1179 1175 relinquunt;
1209 1099 1269 1176 ipsi

264 1188 459 1247 Aduatucam
489 1185 676 1259 contendunt
703 1185 752 1243 usi
780 1185 887 1244 eodem
915 1185 1002 1260 duce,
1027 1185 1270 1262 0011010011-

265 1273 343 1333 dicio
367 1278 582 1348 cognoverant.

352 1356 508 1416 XXXVI.
561 1355 682 1430 (110010,
713 1356 766 1430 qui
792 1375 848 1433 per
876 1375 979 1415 omnes
1009 1357 1180 1434 superiores
1204 1355 1272 1414 dies

264 1443 430 1521 praeceptis
453 1440 584 1500 Caesaris
608 1441 997 1519 0111110111111110111110011110
1025 1442 1137 1501 milites
1160 1442 1191 1499 in
1220 1461 1269 1500 00-

267 1528 339 1587 01110
362 1527 563 1586 continuisset
585 1546 621 1585 ac
643 1539 691 1584 ne·
705 1527 842 1585 calonem
854 1527 975 1602 quidem
989 1547 1170 1602 quemquam
1181 1533 1267 1585 extra

265 1613 462 1672 munitionem
492 1611 598 1688 egredi
624 1631 736 1688 passus
766 1618 863 1688 esset,
895 1613 1025 1690 septimo
1055 1613 1104 1672 die
1127 1611 1271 1671 diffidens
1374 1685 1382 1690 ,

265 1699 304 1757 de
325 1718 449 1757 numero
473 1698 589 1756 dierum
602 1695 756 1756 Gaesarem
775 1696 866 1756 fidem
884 1705 1086 1773 servaturum,
1106 1698 1187 1773 quod
1205 1698 1282 1756 lon--

266 1785 335 1861 gius
358 1805 427 1843 eum
438 1802 635 1860 progressum
655 1783 807 1858 audiebat,
830 1803 930 1859 neque
952 1785 1016 1844 ulla
1029 1784 1067 1843 de
1083 1783 1184 1844 reditu
1203 1783 1271 1859 ejus

174 1868 177 1871 ‘
266 1869 349 1929 fama
372 1867 567 1941 afferebatur,
591 1868 682 1927 simul
704 1887 809 1926 eorum
825 1876 983 1946 permotus
1000 1871 1138 1944 vocibus,
1162 1868 1214 1945 qui
1235 1868 1271 1927 il-

266 1956 326 2014 lius
347 1954 525 2033 patientiam
546 1973 634 2031 paene
659 1953 868 2012 obsessionem
881 1955 1086 2033 appellabant,
1111 1955 1137 2012 si
1150 1953 1272 2028 quidem

267 2061 304 2100 ex
327 2040 436 2120 0001110
455 2039 558 2115 egredi
579 2036 641 2097 non
658 2039 775 2112 liceret,
793 2040 909 2098 nullum
929 2041 1081 2116 ejusmodi
1098 2060 1203 2099 casum
1220 2060 1273 2098 ex·

265 2132 403 2202 pectans,
425 2120 483 2200 qud
495 2123 546 2182 IX
563 2123 712 2201 oppositis
729 2123 900 2199 legionibus
915 2127 1106 2202 maximoque
1124 2125 1270 2200 equitatu,

268 2209 415 2288 dispersis
438 2229 474 2268 ac
496 2228 584 2287 paene
614 2209 731 2277 deletis,
746 2209 902 2286 hostibus,
920 2212 952 2270 in
981 2213 1104 2270 milibus
1126 2229 1273 2288 passuum

266 2296 320 2355 III
343 2293 458 2354 offendi
479 2301 595 2373 posset,
618 2294 648 2354 V
672 2294 814 2354 cohortes
834 2295 1052 2356 frumentatum
1069 2299 1101 2356 in
1119 2295 1273 2374 proximas

269 2388 389 2458 segetes
411 2381 519 2455 mittit,
549 2399 626 2455 quas
654 2379 735 2438 inter
766 2387 797 2438 et
819 2390 921 2440 000110
945 2404 1021 2443 unus
1045 2383 1164 2442 omnino
1187 2381 1274 2440 collis

267 2468 421 2525 intererat.
486 2465 667 2552 Complures
697 2471 785 2524 eraut
816 2466 848 2524 in
888 2469 998 2527 castris
1032 2489 1070 2528 ex
1103 2467 1275 2544 legionibus

269 2552 343 2628 aegri
365 2551 479 2624 relicti;
515 2571 553 2610 ex
581 2551 692 2627 quibus
721 2551 774 2626 qui
805 2551 862 2610 hoc
896 2555 995 2631 spatio
1025 2554 1142 2614 dierum
1164 2573 1275 2611 conva-

269 2637 397 2711 luerant,
421 2637 542 2696 circiter
565 2635 650 2710 CCC,
674 2638 731 2695 sub
742 2637 855 2697 vexillo
878 2660 940 2698 una
964 2635 1140 2714 mittuntur;
1164 2657 1276 2714 magna

270 2729 420 2800 praeterea
436 2721 597 2780 multitudo
617 2722 767 2797 calonum,
787 2742 898 2799 magna
916 2726 963 2786 vis
972 2726 1188 2801 jumentorum,
1207 2743 1275 2798 quae

269 2807 434 2865 incastris
457 2807 647 2881 subsederat,
670 2806 754 2866 facta
775 2815 928 2885 potestate
952 2813 1097 2887 sequitur.

355 2891 527 2951 XXXVII.
561 2892 629 2950 Hoc
651 2892 718 2968 ipsc
741 2898 878 2972 tempore
896 2903 927 2954 et
945 2917 1019 2956 casu
1031 2895 1175 2957 Germani
1193 2894 1276 2970 equi-

270 2985 319 3035 tes
340 2977 557 3052 interveniunt,
580 2977 781 3054 protinusque
804 2979 911 3038 eodem
938 2980 1007 3058 illo,
1037 3002 1095 3059 quo
1118 2986 1275 3054 venerant,

272 3082 363 3121 cursu
386 3063 424 3121 ab
447 3062 619 3122 decumana
640 3069 729 3139 porta
750 3063 782 3122 in
805 3072 906 3124 castra
927 3067 1096 3146 irrumpere
1118 3075 1275 3138 conantur,

271 3167 327 3206 uec
355 3149 441 3226 prius
472 3155 544 3207 sunt
572 3147 632 3207 visi
660 3147 788 3224 objectis
819 3151 856 3209 ab
886 3172 923 3210 ea
944 3161 1031 3231 parte
1055 3154 1156 3227 silvis,
1186 3170 1278 3227 quam

272 3235 381 3292 castris
415 3234 704 3312 appropinquarent,
739 3254 837 3310 usque
871 3257 906 3296 eo
939 3246 983 3315 ut,
1019 3241 1070 3315 qui
1104 3239 1160 3298 sub
1195 3235 1276 3297 vallo

274 3319 435 3378 tenderent
456 3327 651 3394 mercatores,
675 3319 843 3396 recipiendi
871 3323 918 3380 sui
940 3323 1119 3384 facultatem
1141 3342 1202 3381 non
1223 3321 1277 3378 ha-

274 3405 388 3463 berent.
434 3405 633 3482 Inopinantes
656 3405 753 3463 nostri
774 3426 808 3464 re
829 3427 910 3466 nova
927 3411 1153 3487 perturbantur,
1178 3427 1214 3466 ac
1225 3407 1278 3466 vix

275 3489 406 3564 primum
427 3490 574 3566 impetum
602 3490 711 3549 cohors
739 3490 772 3548 in
802 3493 933 3552 statione
957 3497 1097 3555 sustinet.
1143 3493 1277 3553 Circum-

273 3572 442 3631 funduntur
465 3595 502 3632 ex
523 3575 647 3650 reliquis
669 3576 775 3634 hostes
801 3578 957 3654 partibus,
988 3582 1014 3640 si
1043 3599 1133 3657 quem
1163 3577 1280 3637 aditum

273 3659 407 3735 reperire
429 3668 564 3734 possent.
610 3661 704 3737 AEgre
725 3669 831 3738 portas
853 3665 951 3723 nostri
979 3673 1112 3741 tuentur,
1144 3661 1279 3737 reliquos

275 3743 376 3802 aditus
399 3743 485 3802 locus
506 3745 573 3821 ipse
596 3765 651 3822 per
674 3765 707 3805 se
730 3747 918 3823 munitioque
930 3750 1075 3811 defendit.
1121 3749 1279 3809 ’10110110-

261 3829 400 3906 .pidatur
430 3830 540 3888 castris
573 3838 664 3904 atque
698 3831 776 3890 alius
810 3852 847 3890 ex
880 3835 939 3893 alio
974 3856 1097 3896 oausam
1130 3832 1287 3898 tumultus

276 3916 393 3990 quaerit,
418 3935 516 3990 neque
540 3936 599 3991 quo
623 3916 711 3992 signa
732 3915 879 3993 ferantur,
910 3940 1008 3997 neque
1039 3943 1129 3998 quam
1156 3921 1188 3978 in
1209 3937 1279 3995 par-

238 4022 242 4026 ·
274 4010 337 4058 tem
371 4001 499 4077 quisque
528 4001 702 4076 conveniat,
737 4001 909 4078 provident.
965 4008 1055 4067 Alius
1084 4014 1186 4066 castra
1215 4002 1281 4080 jam

274 4091 368 4160 capta
391 4086 576 4162 pronuntiat,
601 4086 678 4145 alius
701 4086 802 4146 deleto
826 4092 961 4150 exercitu
984 4099 1075 4168 atque
1097 4088 1281 4169 imperatore
