2967 4609
603 353 723 407 umas
741 354 792 408 iv.
1175 361 1215 424 35

206 550 266 607 bus
290 547 409 607 omnino
432 546 463 605 X
487 553 517 605 et
536 546 627 607 VIII·
642 554 727 606 trans
745 548 886 607 Rhenum
899 552 1112 629 consumptis,
1140 554 1215 612 satis

210 639 242 692 et
265 633 304 693 ad
320 632 440 691 laudem
470 639 501 691 et
529 631 569 690 ad
596 632 759 691 utilitatem
785 632 958 711 profectum
981 637 1157 714 arbitratus,
1182 659 1217 698 se
1274 636 1278 638 ’

207 720 240 777 in
264 718 397 777 Galliam
418 718 536 795 recepit
557 724 741 795 pontemque
764 719 900 779 rescidit.

294 804 368 861 XX.
413 804 534 879 Exigua
555 809 643 880 parte
667 804 784 863 aestatis
807 804 925 881 reliqua
954 805 1068 881 Oaesar,
1098 809 1157 867 etsi
1184 810 1216 867 in

206 890 257 949 his
289 889 382 963 locis,
418 888 499 964 quod
527 889 624 947 omnis
653 888 754 948 Gallia
781 889 822 947 ad
851 892 1074 967 septentriones
1104 895 1214 970 vergit,

207 980 336 1033 maturae
370 980 443 1033 sunt
470 974 601 1048 hiemes,
636 982 738 1033 tamen
776 974 808 1032 in
840 975 1031 1035 Britanniam
1062 977 1216 1055 proficisci

210 1059 375 1135 contendit,
411 1059 493 1135 quod
526 1059 665 1117 omnibus
698 1059 764 1118 fere
799 1060 925 1119 Gallicis
958 1063 1047 1121 bellis
1076 1064 1215 1123 hostibus

211 1146 325 1203 nostris
358 1143 429 1203 inde
464 1144 707 1203 sumministrata
742 1145 854 1204 auxilia
886 1146 1087 1224 intelligebat,
1123 1157 1163 1225 et,
1187 1150 1215 1207 si

209 1237 330 1308 tempus
343 1230 413 1288 anni
431 1229 471 1288 ad
487 1230 601 1288 bellum
623 1229 792 1306 gerendum
809 1230 961 1307 deficeret,
985 1240 1087 1293 tamen
1104 1255 1214 1311 magno

209 1316 268 1374 sibi
301 1316 369 1373 usui
401 1314 468 1374 fore
502 1315 719 1387 arbitrabatur,
755 1316 781 1374 si
810 1316 900 1375 modo
933 1318 1064 1377 insulam
1087 1319 1213 1392 adisset,

209 1420 306 1477 genus
329 1401 482 1459 hominum
511 1400 734 1478 perspexisset,
760 1401 836 1475 loca,
866 1410 990 1480 portus,
1020 1405 1120 1463 aditus
1144 1424 1214 1481 cog-

210 1486 357 1560 novisset,
387 1504 453 1561 quae
483 1486 583 1544 omnia
611 1484 677 1545 fere
701 1486 799 1545 Gallis
829 1495 917 1546 erant
945 1489 1108 1566 incognita.
1153 1491 1215 1550 Ne·

215 1591 273 1647 que
296 1572 374 1630 euim
395 1578 509 1629 temere
531 1578 644 1649 praeter
670 1579 854 1630 mercatores
877 1573 929 1631 illo
953 1574 1016 1632 adit
1045 1576 1214 1651 quisquam,

212 1677 310 1732 neque
332 1657 370 1715 iis
392 1657 469 1733 ipsis
493 1656 655 1732 quicquam
677 1664 792 1734 praeter
814 1678 897 1716 oram
918 1659 1100 1718 maritimam
1123 1668 1214 1735 atque

211 1762 263 1801 eas
285 1742 434 1819 regiones,
459 1762 526 1817 quae
550 1750 620 1801 suut
643 1749 750 1800 contra
772 1742 897 1817 Gallias,
921 1751 1026 1801 notum
1045 1752 1104 1802 est.
1150 1746 1213 1803 Ita-

210 1848 268 1903 que
290 1828 425 1888 evocatis
449 1828 488 1885 ad
511 1846 544 1886 se
567 1827 701 1903 undique
723 1828 944 1887 mercatoribus
967 1849 1076 1905 neque,
1101 1839 1214 1905 quanta
1260 1827 1264 1834 ⁴

210 1919 292 1972 esset
312 1913 420 1971 insulae
442 1912 628 1989 magnitudo,
652 1932 751 1988 neque
774 1933 842 1987 quae
863 1920 917 1971 aut
936 1922 1058 1989 quantae
1074 1916 1213 1974 nationes

208 1999 383 2073 incolerent,
406 2018 504 2073 neque
528 2017 617 2072 quem
639 2018 730 2056 usum
752 1999 826 2057 belli
847 1999 1004 2074 haberent,
1029 2007 1081 2059 aut
1103 2001 1213 2076 quibus

208 2084 355 2143 institutis
377 2090 544 2158 uterentur,
572 2103 670 2158 neque
700 2084 753 2158 qui
781 2092 885 2143 essent
920 2084 960 2143 ad
987 2086 1134 2161 majorem
1160 2107 1214 2145 na·
1248 2147 1250 2150 ,

208 2168 291 2229 vium
311 2168 535 2227 multitudinem
556 2167 658 2226 idonei
679 2175 797 2245 portus,
820 2170 955 2247 reperire
978 2178 1107 2247 poterat.

219 2252 222 2257 ’
293 2254 386 2313 ΧΧΙ.
432 2253 484 2311 Ad
504 2254 571 2312 haec
595 2254 818 2331 cognoscenda,
840 2255 1017 2331 priusquam
1045 2257 1214 2334 periculum

215 2338 345 2415 faceret,
380 2338 524 2397 idoneum
557 2358 626 2397 esse
658 2340 823 2398 arbitratus
857 2340 894 2398 G.
924 2340 1113 2400 Volusenum
1145 2362 1214 2400 cum

210 2425 281 2485 navi
302 2425 393 2501 longa
415 2424 583 2502 praemittit.
628 2424 709 2483 Huic
737 2424 877 2499 mandat,
905 2430 940 2481 ut
962 2426 1128 2502 exploratis
1151 2446 1213 2484 om·

209 2510 299 2569 nibus
321 2511 413 2570 rebus
437 2509 476 2569 ad
498 2529 532 2568 se
555 2530 645 2585 quam
667 2510 799 2587 primum
819 2516 1000 2573 revertatur.
1046 2510 1120 2587 Ipse
1145 2531 1214 2569 cum

211 2596 356 2675 omnibus·
372 2596 467 2673 copiis
490 2596 522 2653 in
544 2595 680 2653 Morinos
702 2593 916 2672 proficiscitur,
946 2594 1028 2669 quod
1054 2595 1125 2655 inde
1148 2604 1214 2655 erat

209 2681 408 2741 brevissimus
430 2681 462 2739 in
484 2681 674 2755 Britanniam
685 2679 843 2756 trajectus.
878 2680 948 2738 Huc
965 2700 1062 2741 naves
1080 2680 1213 2756 undique

213 2786 250 2825 ex
281 2766 417 2824 finitimis
450 2766 626 2842 regionibus
660 2772 699 2840 et,
735 2786 826 2841 quam
854 2766 1011 2844 superiore
1039 2773 1147 2825 aestate
1175 2766 1215 2825 ad

210 2852 389 2910 Veneticum
416 2852 529 2909 bellum
564 2848 723 2925 effecerat,
760 2852 890 2910 classem
918 2851 1009 2928 jubet
1042 2852 1212 2912 convenire.

210 2937 337 2996 interim
360 2936 486 2996 consilio
510 2936 577 3012 ejus
601 2937 722 3013 cognito
746 2944 777 2995 ct
798 2957 854 3013 per
882 2945 1068 2996 mercatores
1095 2939 1213 3015 perlato

211 3022 250 3080 ad
270 3022 445 3097 Britannos,
470 3043 487 3079 a
517 3021 721 3099 compluribus
746 3020 812 3097 ejus
839 3023 946 3080 insulae
976 3023 1151 3082 civitatibus
1175 3023 1214 3081 ad

211 3128 279 3165 eum
300 3108 395 3184 legati
416 3108 551 3181 veniunt,
576 3108 628 3182 qui
649 3106 852 3184 polliceantur
874 3107 997 3165 obsides
1020 3107 1093 3165 dare
1122 3113 1213 3181 atque

210 3193 334 3269 imperio
367 3192 473 3270 populi
505 3192 635 3251 Romani
664 3193 884 3269 obtemperare.
941 3190 1059 3261 Quibus
1099 3191 1213 3249 auditis

210 3278 376 3337 liberaliter
397 3278 552 3355 pollicitus
575 3279 786 3352 hortatusque,
810 3276 898 3334 utin
921 3296 957 3333 ea
979 3277 1133 3334 sententia
1143 3296 1231 3353 per-·

210 3369 376 3437 manerent,
411 3382 462 3421 eos
497 3362 617 3421 domum
649 3361 777 3421 remittit
810 3368 841 3419 et
873 3381 943 3420 cum
974 3360 1012 3419 iis
1042 3382 1103 3419 una
1126 3360 1213 3420 (lom-

210 3449 310 3524 mium,
335 3468 424 3523 quem
446 3448 512 3525 ipse
535 3447 734 3506 Atrebatibus
763 3447 916 3525 superatis
944 3466 1048 3523 regem
1070 3447 1114 3505 ibi
1143 3468 1213 3507 oon-

212 3534 362 3608 stituerat,
397 3533 484 3609 cujus
519 3540 550 3592 et
582 3534 726 3593 virtutem
760 3539 792 3591 et
824 3532 983 3591 consilium
1009 3533 1161 3609 probabat
1184 3541 1214 3591 et

212 3638 300 3694 quem
323 3619 381 3677 sibi
403 3618 524 3677 fidelem
547 3636 616 3677 esse
639 3618 845 3676 arbitrabatur
868 3617 1017 3693 cujusque
1047 3619 1213 3677 auctoritas

210 3704 241 3762 in
263 3704 300 3762 iis
323 3704 503 3781 regionibus·
521 3704 624 3780 magni
645 3704 826 3778 habebatur,
849 3702 950 3761 mittit.
981 3703 1062 3761 Huic
1073 3704 1211 3780 imperat,

212 3808 286 3864 quas
308 3790 416 3867 possit,
441 3790 531 3847 adeat
553 3790 693 3849 civitates
722 3788 934 3863 horteturque,
964 3794 999 3845 ut
1024 3788 1130 3865 populi
1151 3788 1212 3844 Ito-

211 3875 292 3933 mani
330 3872 422 3933 fidem
461 3881 644 3950 sequantur,
685 3893 779 3949 seque
813 3873 951 3932 celeriter
984 3892 1019 3930 eo
1054 3879 1213 3932 venturum
1303 3928 1306 3931 ,

211 3960 337 4019 nuntiet.
404 3958 601 4023 Volusenus,
629 3959 801 4036 perspectis
845 3957 1019 4035 regionibus
1064 3956 1212 4031 omnibus,

212 4052 357 4119 quantum
380 4044 408 4103 ei
429 4044 561 4103 facultas
585 4044 651 4103 dari
672 4044 786 4121 potuit,
817 4044 868 4118 qui
895 4042 967 4101 navi
995 4040 1100 4116 egredi
1122 4061 1157 4101 ac
1180 4062 1214 4101 se

1009 4136 1026 4188 5
