2967 4609
608 333 729 387 nmaa
746 334 796 389 ru
1116 324 1119 337 ’
1158 346 1198 403 59
1296 398 1300 404 ,

197 530 310 590 flumen
332 521 518 589 transierunt
541 536 631 605 atque
655 530 794 592 omnibus
817 552 928 612 eornm
950 530 1087 591 aedificiis
1110 554 1199 593 occu-

198 618 279 695 patis
301 617 448 693 reliquam
469 622 588 695 partem
609 618 716 677 hiemis
739 636 773 677 se
796 638 899 677 eorum
926 618 1021 698 copiis
1050 620 1197 679 aluerunt.

283 704 321 763 V.
354 702 414 761 His
437 701 474 761 de
496 702 716 763 rebus'Oaesar
738 704 849 763 certior
870 703 1026 774 faetus,et
1043 703 1198 765 infirmita-

200 798 263 849 tem
286 789 442 849 Gallorum
464 788 590 864 veritus,
615 790 696 865 quod
724 797 796 848 sunt
822 790 854 848 in
883 790 1017 849 consiliis
1045 792 1199 869 capiendis

197 875 324 936 mobiles
370 881 400 933 et
434 874 521 934 noris
551 874 730 951 plerumque
757 878 850 935 rebus
884 875 1023 951 student,
1057 877 1133 935 nihil
1160 878 1199 937 iis

199 960 454 1021 committendum·
468 959 662 1020 existimavit.
703 962 762 1019 Est
790 963 870 1021 enim
896 962 955 1021 hoe
979 961 1106 1021 Gallicae
1129 983 1199 1022 oon-

201 1046 382 1121 suetudinis,
405 1046 450 1104 uti
473 1052 504 1105 et
525 1046 668 1122 viatores,
693 1047 785 1106 etiam
805 1047 928 1123 invitos,
960 1048 1127 1107 consistere
1150 1069 1199 1109 co·

198 1140 273 1213 gant
300 1140 345 1207 et,
379 1131 453 1207 quid
485 1131 613 1207 quisque
647 1153 750 1213 eorum
785 1133 823 1192 de
850 1153 971 1209 quaque
1003 1154 1036 1192 re
1070 1134 1200 1193 audierit

199 1226 252 1278 aut
275 1218 461 1295 cognoverit,
486 1225 634 1294 quaerant,
658 1226 689 1277 et
710 1226 896 1278 mercatores
923 1220 955 1277 in
986 1220 1106 1297 oppidis
1133 1222 1199 1280 vul·

198 1324 257 1383 gus
280 1303 492 1377 circumsistat,
516 1304 687 1379 quibusque
710 1326 748 1363 ex
758 1306 934 1382 regionibus
952 1305 1086 1381 veniant,
1111 1326 1200 1381 quas-

200 1411 259 1468 que
286 1390 328 1448 ibi
356 1408 406 1449 ses
437 1390 644 1465 cognoverint,
673 1391 870 1467 pronuntiare
899 1398 1019 1469 cogant.
1069 1392 1128 1451 His
1150 1413 1199 1451 ru-

198 1476 333 1537 moribus
368 1482 458 1550 atquc
492 1474 698 1550 auditionibus
727 1478 857 1554 parmoti
884 1477 922 1536 de
958 1478 1084 1536 summis
1118 1498 1200 1556 saepe
1278 1484 1281 1488 ’

198 1564 291 1621 rebus
315 1561 440 1621 consilia
461 1560 582 1636 ineunt,
612 1581 740 1636 quorum
769 1582 821 1621 eos
851 1582 867 1622 e
895 1563 1025 1639 vestigio
1053 1564 1200 1641 poenitere

198 1667 325 1708 necesse
349 1653 405 1721 est,
429 1666 523 1722 quum
544 1647 668 1705 incertis
691 1648 875 1718 rumoribus¹
893 1648 1029 1708 serviant
1058 1656 1088 1707 et
1109 1650 1200 1726 pleri-

200 1754 259 1810 que
282 1733 322 1793 ad
342 1733 530 1794 voluntatem
553 1753 657 1792 eorum
679 1732 752 1791 ficta
773 1733 987 1811 respondeant.

284 1819 340 1879 VI.
387 1818 454 1889 Qua
477 1819 696 1878 consuetudine
719 1820 841 1897 cognita
864 1818 976 1895 Caesar,
1000 1840 1038 1878 ne
1067 1820 1200 1897 graviori

198 1906 278 1965 bello
301 1910 483 1979 occurreret,
506 1906 663 1981 maturius,
693 1925 784 1981 quam
813 1912 988 1980 conaverat,
1018 1905 1058 1964 ad
1087 1906 1200 1965 exerci-

198 1999 264 2051 tum
285 1989 496 2070 proficiscitur.
541 1990 587 2049 Eo
611 2010 702 2065 quum
724 1992 870 2060 venisset,
894 2012 939 2066 ea,
969 1990 1127 2066 quaesere
1151 2012 1200 2050 su-

199 2078 336 2156 spicatus
359 2083 433 2150 erat,
456 2074 541 2135 faeta
564 2078 714 2153 cognovit,
738 2078 848 2136 missas
870 2062 1039 2155 legationes
1067 2079 1105 2136 ab
1127 2098 1201 2137 non·

199 2163 291 2222 nuliis
315 2162 489 2223 civitatibus
514 2161 553 2220 ad
577 2161 757 2239 Germanos
779 2164 986 2239 invitatosque
1009 2183 1071 2239 eos,
1094 2164 1139 2222 uti
1163 2166 1200 2223 ab

198 2249 307 2308 Rheno
341 2246 548 2307 discederent:
584 2250 700 2325 omnia,
735 2270 803 2325 quae
837 2250 1060 2327 postulassent,
1096 2251 1134 2309 ab
1168 2270 1201 2309 se

200 2336 268 2394 fore
289 2341 406 2412 parata.
438 2333 506 2405 Qua
525 2352 579 2412 spe
599 2332 723 2393 adducti
741 2335 885 2394 Germani
903 2335 995 2393 latius
1014 2333 1097 2411 [jam]
1110 2356 1202 2411 vaga-

198 2422 312 2480 bantur
335 2426 364 2487 et
386 2420 418 2477 in
439 2417 516 2479 fines
538 2420 716 2479 Eburonum
739 2427 770 2479 et
794 2419 1029 2495 Condrusorum,
1055 2420 1107 2495 qui
1131 2428 1203 2479 sunt

199 2506 394 2567 Trevirorum
423 2506 565 2581 clientes,
602 2512 814 2583 pervenerant.
864 2505 1058 2581 Principibus
1094 2505 1201 2564 Galliae

203 2593 338 2653 evocatis
368 2588 549 2667 Caesarea,
575 2611 642 2666 quae
667 2597 867 2668 cognoverat,
897 2590 1116 2649 dissimulanda
1145 2591 1203 2650 sibi

200 2678 399 2753 existimavit,
430 2697 593 2752 eorumque
624 2677 731 2736 animis
766 2677 929 2755 permulsis
959 2684 990 2735 et
1018 2676 1203 2735 confirmatis

200 2764 396 2840 equitatuque
418 2764 565 2841 imperato
587 2763 702 2823 bellum
724 2783 793 2822 cum
816 2763 976 2822 Germanis
1004 2782 1110 2839 gerere
1132 2783 1202 2822 con-

200 2850 309 2911 stituit.

285 2936 358 2996 VII.
393 2935 441 2993 Re
462 2934 661 2994 frumentaria
679 2942 855 3014 comparata
872 2936 1084 3010 equitibusque
1103 2934 1202 2994 delec-

200 3021 241 3081 tis
263 3023 321 3081 iter
347 3021 379 3079 in
409 3041 445 3079 ea
473 3021 541 3080 loca
569 3019 673 3080 facero
702 3022 810 3100 coepit,
844 3022 954 3097 quibus
983 3021 1015 3078 in
1036 3020 1112 3079 locis
1135 3040 1204 3080 esse

202 3107 370 3166 Germanos
393 3107 545 3165 audiebat.
590 3106 619 3164 A
643 3107 753 3181 quibus
777 3127 870 3187 quum
896 3126 1064 3184 paucorum
1087 3105 1203 3164 dierum

200 3193 259 3252 iter
281 3195 413 3269 abesset,
435 3192 529 3269 legati
552 3194 590 3251 ab
623 3192 660 3251 iis
694 3199 852 3267 venerunt,
888 3211 1016 3267 quorum
1049 3192 1115 3250 haec
1144 3190 1204 3249 fuit

202 3280 314 3339 oratio:
346 3280 514 3339 Germanos
548 3298 648 3354 neque
675 3278 794 3356 priores
822 3277 934 3355 populo
968 3276 1105 3335 Romano
1139 3277 1203 3335 bel-

201 3365 264 3423 lum
285 3364 398 3425 inferre
420 3385 519 3440 neque
542 3372 643 3423 tamen
664 3384 818 3439 recusare,
848 3364 875 3422 si
896 3362 1100 3437 lacessantur,
1130 3362 1204 3438 quin

202 3452 293 3511 armis
327 3451 527 3525 contendant,
563 3450 645 3526 quod
673 3449 895 3509 Germanorum
923 3448 1109 3509 consuetudo
1137 3449 1203 3508 haec

202 3538 243 3595 sit
264 3558 282 3596 a
303 3537 470 3614 majoribus
493 3536 615 3612 tradita,
640 3536 813 3611 quicunque
841 3535 957 3593 bellum
985 3533 1127 3611 inierant,
1156 3555 1203 3593 re-

203 3623 312 3682 sistere
343 3643 443 3698 neque
477 3622 650 3700 deprecari,
686 3622 753 3680 haec
786 3628 889 3681 tamen
930 3621 1046 3679 dicere:
1080 3622 1204 3681 venisse

201 3708 323 3785 invitos,
348 3709 462 3787 ejectos
486 3709 584 3767 domo.
630 3707 663 3766 Si
686 3728 774 3767 suam
796 3708 927 3785 gratiam
944 3707 1075 3766 Romani
1096 3706 1201 3779 velint,

201 3814 293 3872 posse
313 3796 352 3855 iis
374 3794 465 3854 utiles
489 3814 557 3853 esse
585 3794 713 3868 amicos;
744 3795 794 3854 vel
817 3794 875 3853 sibi
906 3813 996 3870 agros
1026 3792 1202 3865 attribuant,
1297 3831 1299 3834 ψ

201 3880 251 3940 vel
273 3881 428 3959 patiantur
450 3900 502 3939 eos
524 3887 643 3956 tenere,
668 3900 744 3955 quos
762 3880 853 3939 armis
882 3878 1083 3957 possederint.
1128 3875 1203 3934 Sese

201 3966 270 4025 unis
296 3965 405 4027 Svevis
429 3966 605 4041 concedere,
636 3967 747 4041 quibus
775 3986 814 4025 ne
842 3965 884 4023 dii
907 3964 1029 4039 quidem
1050 3962 1203 4021 immorta-
