2967 4609
607 360 660 415 DE
678 358 805 413 BELLO
824 360 993 415 GALLICO

657 1135 840 1217 LIBER
864 1136 939 1218 ΙΙΙ.
986 1139 988 1143 ’

298 1284 408 1401 Quum
429 1327 461 1385 in
489 1324 611 1384 Italiam
638 1324 883 1403 proficisceretur
913 1325 1030 1400 Caesar,
1060 1327 1199 1388 Servium
1227 1329 1300 1388 Gral-

200 1464 204 1474 .
296 1418 368 1475 bam
391 1431 459 1471 oum
480 1410 599 1488 legione
622 1410 802 1470 duodecima
824 1418 855 1470 et
876 1419 964 1489 parte
987 1413 1141 1488 equitatus
1162 1414 1193 1472 in
1216 1414 1299 1474 Nan-

201 1544 205 1553 ,
295 1505 408 1573 tuates,
432 1494 586 1573 Veragros
610 1495 809 1573 Sedunosque
839 1497 931 1573 misit,
960 1498 1012 1573 qui
1041 1519 1060 1557 a
1080 1498 1191 1559 finibus
1213 1499 1299 1560 Allo·

295 1589 425 1661 brogum
449 1591 479 1642 et
501 1584 569 1641 lacu
592 1583 748 1642 Lemanno
772 1591 803 1642 et
829 1582 952 1643 flumine
978 1584 1128 1643 Rhodano
1157 1585 1196 1643 ad
1218 1605 1299 1645 sum-

296 1691 362 1731 mas
385 1670 481 1747 Alpes
514 1668 676 1746 pertinent.
734 1668 834 1728 Causa
866 1668 1007 1747 mittendi
1039 1669 1108 1746 fuit,
1137 1671 1220 1745 quod
1240 1672 1299 1731 iter

297 1778 352 1837 per
374 1756 480 1833 Alpes,
515 1774 573 1829 quo
607 1774 716 1831 magno
752 1775 820 1814 cum
852 1755 986 1832 periculo
1019 1757 1198 1833 magnisque
1232 1777 1300 1817 oum

297 1842 441 1922 portoriis
474 1848 658 1899 mercatores
691 1841 736 1899 ire
770 1848 962 1916 consuerant,
995 1841 1134 1919 patefieri
1166 1843 1298 1903 volebat.

297 1929 377 1987 Huic
400 1926 547 2004 permisit,
571 1926 599 1984 si
622 1946 698 2003 opus
722 1946 790 1985 esse
814 1926 1022 2002 arbitraretur,
1045 1929 1090 1986 1111
1110 1928 1142 1986 in
1164 1928 1202 1987 iis
1224 1929 1300 1989 locis

296 2014 447 2091 legionem
480 2010 633 2070 hiemandi
665 2031 758 2071 causa
792 2012 963 2071 collocaret.
1025 2013 1125 2072 Galba
1158 2014 1300 2074 secundis

280 2100 413 2174 'aliquot
446 2097 562 2175 proeliis
602 2096 692 2155 factis
727 2098 922 2173 castellisque
959 2100 1163 2177 compluribus
1197 2120 1300 2159 eorum

299 2184 490 2262 expugnatis,
513 2182 616 2241 missis
638 2182 677 2241 ad
700 2202 768 2241 eum
789 2183 922 2258 undique
944 2184 1054 2261 legatis
1082 2185 1300 2262 obsidibusque

300 2270 379 2328 datis
403 2276 434 2327 et
455 2288 531 2345 pace
553 2267 637 2326 facta
659 2269 816 2327 constituit
838 2269 978 2329 cohortes
1007 2270 1083 2329 duas
1110 2271 1142 2329 111
1164 2271 1299 2331 Nantua-

298 2357 380 2415 tibus
415 2354 563 2414 eollocare
598 2360 629 2412 61
660 2354 726 2432 ipse
760 2374 828 2413 cum
861 2355 985 2430 reliquis
1009 2356 1077 2431 ejus
1094 2356 1225 2434 legionis
1249 2378 1298 2417 oo·

298 2442 436 2501 hortibus
458 2441 490 2498 in
512 2440 579 2501 vico
602 2440 817 2517 Veragrorum,
848 2441 900 2516 qui
922 2442 1094 2519 appellatur
1116 2442 1299 2518 Octodurus,

297 2523 446 2601 hiemare,
483 2526 534 2602 qui
569 2525 665 2599 vicus,
699 2527 819 2604 positus
853 2526 884 2584 in
914 2528 1004 2603 valle,
1033 2548 1094 2586 non
1115 2549 1226 2605 magna
1248 2529 1300 2588 ad-

294 2612 380 2689 jecta
412 2611 555 2690 planitie,
591 2611 730 2671 altisimis
764 2612 919 2671 montibus
952 2613 1085 2689 undique
1119 2614 1299 2673 continetur.

299 2699 399 2771 Quum
421 2697 470 2755 1110
493 2696 525 2754 in
548 2696 624 2755 duas
654 2705 758 2773 partes
786 2696 909 2757 flumine
938 2698 1138 2774 divideretur,
1174 2700 1301 2761 alteram

298 2792 416 2861 partem
445 2782 510 2858 ejus
539 2782 598 2841 vici
627 2782 724 2841 Gallis
753 2779 803 2855 [ad
830 2781 1031 2856 hiemandum]
1066 2786 1228 2860 concessit,
1257 2787 1300 2845 al-
1344 2833 1348 2839 .

298 2878 394 2927 teram
416 2888 544 2929 vacuam
566 2868 603 2925 ab
626 2867 665 2926 iis
687 2868 825 2927 relictam
847 2870 1021 2928 cohortibus
1045 2870 1191 2928 attribuit.
1220 2872 1300 2930 Eum

297 2955 397 3013 locum
419 2953 499 3014 vallo
522 2952 665 3028 fossaque
686 2954 824 3013 munivit.
1101 2982 1103 2985 ·

384 3040 429 3098 ΙΙ.
476 3038 576 3110 Quum
600 3038 665 3097 dics
687 3040 881 3099 hibernorum
910 3040 1080 3118 complures
1107 3042 1300 3119 transissent,

298 3126 542 3201 frumentumque
566 3144 600 3183 eo
630 3126 812 3202 comportari
841 3125 1006 3201 jussisset,
1036 3127 1136 3186 subito
1164 3148 1220 3205 per
1249 3148 1299 3187 ex—

297 3212 467 3289 ploratores
497 3211 607 3270 certior
634 3210 735 3270 factus
760 3218 822 3286 est,
858 3233 896 3271 ex
924 3231 960 3271 ea
986 3219 1073 3290 parte
1100 3212 1175 3287 vici,
1211 3234 1301 3290 quam

300 3298 397 3357 Gallis
421 3304 625 3371 concesserat,
649 3316 754 3355 omnes
781 3304 875 3355 noctu
902 3298 1084 3357 discessisse
1110 3307 1299 3376 montesque,

300 3384 351 3457 qui
384 3382 603 3460 impenderent,
639 3404 657 3441 a
684 3383 816 3441 maxima
842 3382 1035 3443 multitudine
1058 3382 1248 3443 Sedunorum
1270 3392 1301 3445 et

295 3468 502 3545 Veragrorum
523 3468 629 3527 teneri.
674 3468 713 3527 Id
736 3469 851 3544 aliquot
875 3468 913 3527 de
937 3469 1038 3528 causis
1068 3470 1237 3545 acciderat,
1266 3478 1301 3530 ut

298 3554 400 3613 subito
435 3553 517 3613 Galli
549 3554 622 3612 belli
660 3554 829 3617 renovandi
866 3555 1055 3631 legionisque
1094 3555 1300 3632 opprimendae

298 3638 457 3698 consilium
501 3646 659 3717 caperent:
704 3640 844 3717 primum,
889 3640 971 3715 quod
1012 3640 1163 3717 legionem
1201 3661 1301 3718 neque

299 3746 365 3783 eam
391 3724 599 3803 plenissimam
632 3725 779 3784 detractis
810 3726 986 3785 cohortibus
1017 3725 1136 3785 duabus
1166 3734 1197 3785 et
1219 3747 1300 3786 com·
1411 3743 1414 3750 ·

297 3810 437 3888 pluribus
461 3810 645 3886 singillatim,
670 3811 721 3885 qui
745 3818 930 3870 commeatus
952 3812 1077 3890 petendi
1099 3831 1193 3871 causa
1214 3813 1301 3872 missi

299 3903 394 3970 erant,
418 3896 595 3954 absentibus
617 3902 743 3974 propter
770 3898 955 3974 paucitatem
983 3897 1207 3975 despiciebant,
1235 3907 1300 3958 tum

299 3982 405 4056 etiam,
440 3980 521 4056 qu'od
554 3988 679 4059 propter
711 3982 901 4057 iniquitatem
934 3983 1009 4058 loci,
1044 4003 1137 4058 quum
1169 3984 1229 4061 ipsi
1263 4005 1300 4043 ex

298 4066 451 4125 montibus
474 4066 506 4124 in
528 4066 638 4126 vallem
662 4065 860 4127 decurrerent
888 4075 919 4127 et
946 4069 1008 4127 tela
1036 4068 1238 4146 conjicerent,
1261 4091 1300 4130 ne
