2967 4609
278 352 354 409 130.
580 344 633 398 DE
651 342 778 437 BElLLO
798 341 966 398 GALLIOO

362 539 520 601 XXVIII.
565 537 680 597 Hostes
702 558 736 597 re
759 559 838 598 nova
849 539 1011 616 perterriti,
1030 559 1116 597 muro
1128 539 1279 597 turribus-

279 646 337 701 que
360 624 472 701 dejecti
493 625 525 682 in
547 622 613 683 foro
637 645 672 682 ac
695 624 771 683 locis
793 625 1015 701 patentioribus
1039 625 1189 684 cuneatim
1206 643 1277 683 con-

280 711 424 770 stiterunt
445 711 503 768 hoc
526 709 640 784 animo,
671 716 721 786 ut,
752 710 780 768 si
813 730 873 786 qua
895 731 931 770 ex
953 716 1041 787 parte
1064 711 1185 771 obviam
1207 730 1277 768 con·

279 805 328 856 tra
349 796 513 871 veniretur,
537 795 602 854 acie
624 795 774 854 instructa
797 795 1015 873 depugnarent.
1050 795 1112 854 Ubi
1127 795 1278 856 neminem

279 883 310 941 in
333 902 454 957 aequum
475 882 575 940 locum
597 900 666 940 sese
689 881 858 957 demittere,
883 881 937 940 sed
959 881 1169 956 totcundique
1191 901 1277 941 muro

284 966 487 1028 circumfundi
508 966 660 1041 viderunt,
676 967 776 1042 veriti,
805 987 844 1026 ne
863 967 982 1026 omnino
1012 985 1082 1044 spes
1109 967 1192 1044 fugae
1221 967 1280 1026 tol·

187 1091 190 1096 ·
282 1055 408 1129 leretur,
432 1051 559 1129 abjectis
582 1051 673 1111 armis
696 1052 819 1111 ultimas
849 1053 951 1131 oppidi
980 1060 1083 1131 partes
1114 1053 1278 1112 continenti

279 1140 395 1218 impetu
416 1139 601 1217 petiverunt,
624 1138 757 1215 parsque
778 1139 830 1212 ibi,
855 1159 947 1214 quum
970 1146 1098 1216 angusto
1111 1139 1193 1198 exitu
1208 1159 1278 1216 por-

281 1232 382 1284 tarum
405 1244 438 1283 se
460 1224 519 1302 ipsi
540 1230 723 1300 premerent,
748 1245 766 1284 a
787 1225 942 1299 militibus,
965 1243 1037 1302 pars
1063 1224 1128 1302 jam
1156 1243 1280 1301 egressa

281 1311 377 1389 portis
400 1311 437 1368 ab
461 1309 613 1384 equitibus
625 1316 673 1368 est
694 1307 869 1385 interiecta5
891 1330 948 1370 nec
966 1309 1206 1386 fuitquisquam‚
1227 1310 1279 1385 qui

280 1395 394 1474 praedae
417 1395 563 1454 studeret.
610 1395 660 1453 Sic
683 1402 714 1453 et
737 1395 857 1455 Genabi
879 1396 963 1455 caede
991 1402 1022 1455 et
1047 1397 1151 1456 labore
1179 1395 1280 1474 operis

280 1481 400 1541 incitati
415 1501 476 1539 non
493 1487 583 1539 aetate
595 1479 752 1556 coniectis,
765 1502 824 1540 non
836 1482 1023 1558 mulieribus,
1041 1503 1102 1540 non
1112 1481 1280 1540 infantibus

281 1573 493 1644 pepercerunt.
537 1566 678 1641 Denique
700 1586 738 1625 ex
761 1568 841 1626 omni
864 1587 899 1627 eo
921 1588 1055 1644 numero,
1080 1568 1132 1643 qui
1153 1567 1280 1626 fuitcir-

240 1686 242 1691 *
283 1653 359 1712 citer
380 1652 494 1711 milium
516 1651 586 1728 XL,
615 1652 667 1712 vix
688 1651 806 1729 Dedo,
831 1653 882 1728 qui
904 1654 999 1730 primo
1023 1653 1153 1712 clamore
1177 1653 1279 1712 audito

284 1758 317 1797 se
341 1758 378 1798 ex
408 1737 518 1816 oppido
548 1737 717 1814 ejecerant,
745 1739 912 1798 incolumes
941 1739 980 1798 ad
1001 1739 1281 1816 Vercingetorigem

284 1830 498 1902 pervenerunt.
551 1823 635 1895 Quos
663 1824 714 1894 ille
747 1826 843 1884 multa
873 1824 939 1901 jam
972 1831 1061 1884 nocte
1096 1825 1214 1885 silentio
1243 1843 1281 1882 ex

282 1909 356 1987 iuga
378 1910 506 1987 excepit,
530 1910 657 1984 veritus
680 1930 719 1968 ne
742 1911 856 1985 quain
878 1911 987 1970 castris
1018 1931 1055 1969 ex
1085 1930 1188 1970 eorum
1210 1930 1279 1968 con-

284 2015 376 2054 cursu
398 2002 428 2054 et
448 1995 657 2054 misericordia
683 1996 769 2072 vulgi
802 1996 910 2056 seditio
939 2005 1084 2072 oreretur,
1114 2005 1149 2056 ut
1175 1995 1281 2074 procul

283 2081 315 2138 in
337 2080 388 2140 via
410 2079 567 2157 dispositis
588 2079 789 2140 familiaribus
819 2082 882 2141 suis
904 2082 1153 2160 principibusque
1176 2081 1283 2141 civita·

283 2173 348 2223 tum
370 2165 571 2242 disparandos
593 2165 849 2242 deducendosque
878 2167 917 2226 ad
945 2187 1016 2227 suos
1046 2175 1180 2243 curarat,
1213 2187 1283 2242 quae

284 2251 392 2326 cuique
415 2251 531 2310 civitati
553 2270 626 2328 pars
649 2259 818 2311 castrorum
840 2254 878 2312 ab
900 2253 986 2312 initio
1010 2256 1182 2314 obvenerat.

273 2339 277 2346 '
369 2336 493 2395 XXIX.
538 2337 666 2397 Postero
690 2337 738 2396 die
762 2339 889 2398 concilio
913 2346 1079 2400 convocato
1104 2340 1280 2399 consolatus
1326 2351 1330 2372 ‘

283 2423 520 2498 cohortatusque
542 2428 599 2499 est,
628 2443 667 2482 ne
696 2442 729 2482 se
759 2423 920 2484 admodum
950 2425 1048 2485 animo
1078 2426 1279 2500 demitterent,

282 2527 360 2568 neve
382 2509 634 2586 perturbarentur
660 2509 865 2570 incommodo:
895 2531 955 2570 non
982 2512 1096 2572 virtute
1123 2531 1222 2587 neque
1249 2511 1280 2568 in

284 2594 349 2653 acie
371 2595 483 2654 vicisse
505 2595 669 2670 Romanos,
694 2595 750 2654 sed
778 2595 904 2656 artificio
934 2597 1066 2672 quodam
1094 2604 1124 2657 et
1154 2597 1283 2657 scientia

284 2680 535 2758 oppugnationis,
565 2679 653 2756 cujus
685 2681 730 2740 rei
752 2681 867 2740 fuerint
899 2683 959 2760 ipsi
986 2684 1137 2761 imperiti;
1167 2702 1278 2758 errare,

284 2765 310 2823 si
346 2766 398 2840 qui
429 2765 463 2824 in
490 2765 571 2824 bello
600 2785 704 2825 omnes
732 2766 884 2827 secundos
911 2789 1013 2828 rerum
1040 2775 1207 2847 proventus
1230 2788 1286 2830 ex-.

280 2857 418 2927 pectant,
443 2850 502 2909 sibi
522 2871 677 2926 nunquam
698 2851 851 2929 placuisse
872 2853 1038 2915 Avaricum
1066 2854 1198 2929 defendi,
1228 2873 1281 2912 cu·

257 2934 332 3013 vjus
361 2935 407 2994 rei
438 2942 535 2994 testes
562 2936 647 3014 ipsos
673 2938 810 3014 haberet,
841 2938 896 2998 sed
934 2939 1049 3000 factum
1075 2939 1279 3018 imprudentia

281 3021 456 3098 Biturigum
478 3028 509 3080 et
535 3021 628 3081 nimia
650 3024 850 3099 obsequentia
873 3025 1067 3101 reliquorum,
1089 3027 1134 3086 uti
1156 3027 1213 3084 hoc
1234 3025 1279 3084 in-

283 3107 472 3166 commodum
500 3107 704 3186 acciperetur;
737 3109 771 3167 id
798 3116 899 3170 tamen
928 3131 961 3170 se
991 3112 1131 3187 celeriter
1158 3110 1278 3187 majori-

282 3194 340 3252 bus
363 3193 528 3252 commodis
552 3201 736 3253 sanaturum.
782 3195 862 3256 Nam
884 3217 952 3272 quae
975 3199 1013 3256 ab
1036 3198 1161 3274 reliquis
1181 3196 1279 3256 Gallis

281 3278 422 3339 civitates
445 3279 650 3355 dissentirent,
672 3282 729 3340 has
753 3300 809 3341 sua
831 3282 988 3360 diligentia
999 3283 1212 3360 adjuncturum
1235 3289 1280 3340 at-

284 3384 343 3439 que
366 3385 458 3423 unum
481 3366 639 3424 consilium
661 3368 755 3426 totius
768 3367 877 3427 Galbae
895 3367 1085 3444 effecturum,
1110 3368 1197 3446 cujus
1210 3388 1280 3428 con-

285 3450 388 3508 sensui
410 3471 449 3509 ne
472 3451 554 3510 orbis
568 3451 689 3526 quidem
711 3459 861 3512 terrarum
883 3455 982 3532 possit
1005 3455 1164 3528 obsistere,
1187 3454 1279 3529 idque

284 3554 317 3592 se
349 3555 444 3612 prope
473 3535 538 3612 jam
572 3536 717 3597 effoetum
749 3539 871 3600 habere.
922 3541 1046 3600 Interea
1069 3559 1189 3616 aequum
1212 3559 1281 3598 esse

284 3621 321 3678 ab
344 3620 382 3678 iis
405 3622 570 3681 communis
593 3622 702 3682 salutis
725 3643 818 3684 causa
839 3625 1004 3704 impetrari,
1034 3633 1070 3685 ut
1091 3634 1193 3685 castra
1215 3645 1279 3684 mu·

221 3734 224 3738 ’
281 3705 347 3764 nire
368 3706 571 3782 instituerent,
596 3728 654 3783 quo
677 3707 797 3769 facilius
819 3713 996 3789 repentinos
1022 3712 1158 3772 hostium
1185 3712 1279 3788 impe·

283 3800 333 3850 tus
357 3792 551 3851 sustinerent.

367 3877 474 3937 XXX.
507 3877 580 3936 Fuit
601 3879 667 3938 haec
690 3881 786 3939 oratio
808 3903 868 3942 non
890 3883 1010 3961 ingrata
1022 3882 1130 3959 Gallis,
1155 3889 1281 3941 etmax-

280 3962 341 4021 ime
364 3963 446 4038 quod
474 3963 541 4041 ipsc
569 3965 667 4024 animo
696 3985 757 4024 non
787 3966 941 4029 deiecerat
967 3977 1053 4029 tanto
1082 3975 1207 4046 accepto
1236 3968 1282 4026 in·

281 4048 438 4106 commodo
460 4067 559 4123 neque
592 4069 625 4109 se
652 4051 684 4108 in
712 4052 864 4112 occultum
901 4054 1060 4114 abdiderat
1082 4063 1113 4113 et
1136 4073 1282 4132 conspec-
