2967 4609
635 390 756 443 amun
773 390 795 443 1.
1191 398 1230 456 13
1302 452 1305 456 ,

199 593 256 645 est.
313 584 361 643 Ex
395 604 429 643 eo
464 584 571 661 proelio
603 584 723 643 circiter
750 583 905 642 hominum
932 584 1015 643 milia
1038 582 1161 643 CXXX
1182 603 1232 643 su-

198 670 380 751 perfuerrmt
414 689 510 745 eaque
538 677 603 728 tota
630 676 720 728 nocte
751 669 941 729 continenter
968 669 1083 743 ierunt3
1118 670 1234 729 nullam

199 764 319 835 partem
350 755 450 815 noctis
482 755 590 814 itinere
623 748 797 813 intermisso
825 755 857 812 in
884 754 960 813 fines
983 754 1157 832 Lingonum
1185 754 1234 814 die
1310 778 1312 782 ¹

200 848 309 917 quarto
343 846 562 919 pervenerunt,
597 860 692 915 quum
719 847 755 899 et
787 846 913 918 propter
945 839 1073 900 vulnere
1104 840 1235 900 militum

201 935 232 986 et
264 932 391 1005 propter
423 925 612 1003 sepulturam
640 925 811 985 ochsorum
837 927 935 985 nostri
961 925 1098 984 triduum
1125 927 1236 986 morati

202 1031 253 1071 eos
288 1012 376 1087 sequi
402 1030 463 1070 non
489 1011 671 1089 potuissent.
730 1010 835 1070 Gaesar
863 1012 902 1069 ad
931 1012 1087 1087 Lingonas
1115 1006 1237 1071 litteras

201 1098 385 1172 nuntiosque
418 1096 511 1171 misit,
545 1117 583 1155 ne
618 1116 670 1155 eos
703 1096 856 1156 frumento
889 1116 968 1157 neve
995 1095 1055 1155 alia
1087 1116 1121 1156 re
1145 1097 1236 1173 juva·

203 1190 286 1255 rent;
322 1179 374 1258 qui
403 1183 430 1241 si
454 1181 618 1258 juvissent,
654 1202 687 1241 se
722 1181 829 1241 eodem
863 1182 940 1256 loco,
977 1202 1038 1258 quo
1065 1182 1236 1256 Helvetios,

202 1268 387 1329 habiturum.
443 1266 516 1345 Ipse
544 1268 645 1326 triduo
674 1268 848 1326 intermisso
877 1287 946 1327 eum
974 1267 1114 1327 omnibus
1142 1268 1238 1345 copiis

206 1372 259 1413 eos
282 1354 369 1429 sequi
391 1353 492 1431 coepit.

290 1438 440 1521 XXVII..
482 1438 618 1499 Helvetii
647 1439 780 1497 omnium
801 1458 904 1497 rerum
925 1440 1028 1517 inopia
1050 1438 1175 1499 adducti
1197 1439 1238 1497 le·

203 1530 293 1601 gatos
327 1524 365 1583 de
399 1523 552 1583 deditione
587 1524 626 1583 ad
654 1544 723 1584 eum
751 1524 908 1584 miserunt.
960 1525 1020 1596 Qui
1048 1545 1143 1601 quum
1171 1542 1240 1582 eum

205 1610 238 1667 in
260 1609 368 1668 itinere
397 1610 610 1670 convenissent
639 1629 732 1686 seque
761 1610 800 1669 ad
826 1609 921 1687 pedes
943 1610 1146 1688 projecissent
1168 1629 1240 1687 sup-

203 1695 385 1773 pliciterque
426 1695 520 1754 locuti
558 1694 667 1755 flentes
705 1714 813 1773 pacem
850 1696 1016 1772 petissent,
1057 1702 1148 1771 atque
1188 1714 1241 1753 ecs

205 1781 238 1839 in
265 1799 300 1838 eo
328 1782 404 1855 loco,
441 1800 500 1855 quo
529 1788 595 1839 tum
622 1788 735 1855 essent,
769 1800 857 1839 suum
885 1780 1051 1840 adventum
1079 1787 1242 1858 expectare

202 1866 360 1942 jussisset,
389 1874 566 1943 paruerunt.
620 1867 666 1925 Eo
696 1873 860 1945 postquam
883 1865 988 1926 Oaesar
1009 1866 1159 1943 pervenit,
1188 1865 1241 1922 ob-

206 1950 299 2025 sides,
333 1972 426 2027 arma,
461 1970 576 2027 servos,
612 1952 664 2027 qui
693 1952 732 2011 ad
764 1971 817 2010 eos
844 1951 1063 2029 perfugissent,
1091 1950 1241 2028 poposcit.

145 2110 148 2113 ι
205 2037 289 2095 Dum
323 2057 359 2096 ea
374 2038 612 2113 conquiruntur
645 2045 676 2096 et
710 2035 917 2112 conferuntur,
951 2045 1043 2097 nocte
1068 2036 1245 2095 intermissa

206 2122 328 2181 circiter
361 2122 516 2181 hominurn
549 2122 631 2181 milia
663 2122 711 2182 VI
745 2122 813 2199 ejus
846 2124 927 2200 pagi,
962 2124 1014 2198 qui
1046 2122 1241 2198 Verbigenus

207 2208 388 2285 appellatur,
423 2208 487 2269 sive
515 2208 623 2267 timore
651 2208 815 2287 perterriti,
845 2229 884 2267 ne
913 2209 1005 2267 armis
1027 2207 1150 2267 traditis
1173 2226 1244 2285 sup-

207 2292 298 2370 pli'cio
333 2290 543 2369 afficerentur,
583 2294 648 2353 sive
688 2313 744 2372 spe
784 2295 893 2353 salutis
926 2294 1058 2368 inducti,
1099 2292 1182 2368 quod
1214 2292 1245 2351 in

206 2386 295 2437 tanta
328 2378 521 2439 multitudine
555 2378 769 2439 dediticiorum
801 2385 898 2438 suam'
922 2378 1028 2455 fugam
1061 2386 1114 2437 aut
1145 2378 1245 2437 occul-

207 2464 267 2522 tari
295 2472 347 2523 aut
375 2464 496 2523 omnino
518 2465 651 2543 ignorari
673 2484 766 2543 posse
788 2464 1007 2539 existimarent,
1036 2464 1134 2542 prima
1155 2470 1246 2521 nocte

210 2570 228 2607 e
257 2550 366 2609 castrIs
389 2549 601 2610 Helvetiorum
631 2552 748 2627 egressi
778 2550 818 2609 ad
839 2549 981 2608 Rhenum
1008 2548 1146 2622 finesque
1169 2547 1245 2605 Ger-

210 2654 370 2693 manorum
394 2636 625 2696 contenderunt.

295 2718 453 2779 XXVIII.
489 2721 579 2792 Quod
601 2721 653 2779 ubi
677 2718 782 2779 Caesar
803 2720 917 2795 resciit,
942 2739 1071 2795 quorum
1092 2737 1148 2795 per
1169 2715 1247 2776 fines
1296 2757 1298 2760 ·

209 2805 317 2879 ierant,
349 2804 397 2879 iis,
431 2807 477 2864 uti
506 2807 719 2881 conquirerent
749 2812 779 2863 et
806 2806 997 2879 reducerent,
1033 2805 1058 2863 si
1087 2802 1147 2863 sibi
1172 2822 1245 2880 pur-

211 2890 276 2965 gati
309 2908 378 2950 esse
410 2892 534 2965 vellent,
569 2892 747 2970 imperavit3
783 2891 927 2951 reductos
959 2891 991 2949 in
1024 2889 1160 2949 hostium
1191 2910 1246 2947 uu-

210 2993 294 3033 mero
308 2974 443 3047 .habuit;
478 2976 612 3053 reliquos
643 2994 748 3035 omnes
778 2976 946 3051 obsidibus,
975 2976 1077 3051 armis,
1108 2969 1247 3051 perfugis

209 3058 332 3119 traditis
354 3062 386 3120 iu
409 3062 593 3121 deditionem
616 3063 743 3140 accepit.
800 3062 969 3136 Helvetios
999 3060 1156 3135 Tulingos,
1187 3060 1246 3117 La-

212 3145 351 3222 tobrigos
391 3147 422 3205 in
460 3146 536 3207 fines
578 3167 660 3222 suos,
701 3148 783 3206 unde
822 3155 910 3206 erant
941 3146 1089 3225 profecti,
1134 3145 1248 3204 reverti

206 3230 330 3307 jusssit,
366 3238 397 3291 et
431 3233 514 3307 quod
547 3233 686 3292 omnibus
720 3232 874 3291 fructibus
908 3232 1029 3291 amissis
1062 3231 1144 3291 domi
1172 3228 1249 3287 nihil

210 3322 288 3390 erat,
323 3336 383 3392 quo
418 3316 529 3377 famem
556 3318 731 3393 tolerarent,
760 3318 979 3395 Allobrogibus
1007 3316 1178 3393 imperavit,
1213 3323 1249 3372 ut

209 3401 250 3461 iis
282 3399 429 3461 frumenti
468 3404 586 3483 copiam
625 3402 795 3484 facerentp
817 3404 903 3482 ipsos
941 3402 1054 3480 oppida
1091 3402 1248 3476 vicosque,

210 3505 290 3561 quos
319 3487 527 3564 incenderant,
561 3490 724 3547 restituere
750 3488 854 3565 jussit.
910 3488 949 3547 Id
979 3508 1015 3547 ea
1042 3488 1173 3547 maxime
1195 3506 1248 3548 ra·

210 3570 295 3629 tione
328 3572 413 3648 fecit,
449 3574 531 3649 qnod
557 3574 656 3633 noluit
684 3594 753 3633 eum
782 3575 893 3648 locum,
927 3573 1008 3633 unde
1029 3574 1165 3633 Helvetii
1187 3571 1249 3629 dis-

210 3665 380 3732 cesserant,
415 3679 535 3734 vacare,
569 3680 608 3719 ne
641 3666 768 3738 propter
801 3661 970 3720 bonitatem
1003 3679 1145 3735 agrorum
1173 3656 1248 3715 Ger-

210 3742 303 3815 mani,
333 3744 385 3819 qui
413 3750 499 3803 trans
521 3744 662 3804 Rhenum
683 3739 830 3819 incolunt,
861 3766 878 3804 e
901 3746 964 3804 suis
987 3744 1100 3803 finibus
1122 3744 1154 3801 in
1175 3739 1249 3799 Hel·

212 3828 366 3887 vetiorum
404 3827 481 3889 fines
520 3831 687 3890 transirent
725 3838 757 3889 et
789 3829 908 3890 finitimi
942 3830 1051 3890 Galliae
1084 3825 1249 3906 provinoiae

209 3910 494 3991 Allobrogibusque
517 3925 628 3976 essent.
673 3916 780 3993 BojoS,
808 3916 984 3993 petentibus
1006 3914 1143 3986 Haeduis,
1168 3910 1250 3986 quod

213 3998 341 4075 egregia
368 3999 482 4059 virtute
510 4009 597 4061 erant
626 4002 749 4078 cogniti,
784 4009 819 4059 ut
850 4002 882 4061 in
914 4000 1026 4059 finibus
1059 3998 1123 4056 suis
1157 3996 1249 4055 collo-

210 4090 327 4157 carent,
364 4088 529 4161 concessit;
572 4088 682 4163 quibus
715 4087 761 4146 illi
794 4106 885 4163 agros
918 4084 1076 4157 dederunt,
1113 4100 1250 4157 quosque
