2967 4609
594 362 714 417 LIBER
731 362 786 417 III.
1167 373 1208 428 55

206 556 377 636 opinionem
398 557 597 635 pugnantium
618 558 799 635 praeberent,
829 577 922 632 quum
948 558 1020 617 item
1049 560 1087 617 ab
1114 559 1207 618 hosti·

207 644 265 702 bus
300 649 476 702 constanter
505 662 541 701 ac
573 662 634 701 non
661 642 766 701 timide
795 650 993 720 pugnaretur,
1021 645 1143 719 telaque
1172 664 1209 703 ex

207 728 273 789 loco
309 729 465 807 superiore
498 728 592 787 missa
625 748 686 787 non
719 727 836 788 frustra
869 729 1055 805 acciderent,
1090 731 1208 806 equites

194 808 374 875 'cucumitis
402 814 537 873 hostium
564 815 673 873 eastris
704 812 815 873 Crasso
850 816 1115 891 renuntiaverunt,
1148 836 1209 875 non

209 900 316 961 eadem
339 921 407 961 esse
431 900 587 976 diligentia
610 902 647 959 ab
672 900 838 959 decumana
859 907 949 979 porta
971 907 1073 961 castra
1093 901 1209 960 munita

208 986 390 1062 facilemque
413 986 529 1044 aditum
551 985 674 1045 habere.

293 1070 414 1132 XXVI.
462 1070 592 1131 Crassus
615 1072 751 1147 equitum
772 1070 936 1149 praefectos
960 1072 1144 1146 cohortatus,
1175 1078 1209 1129 ut

208 1158 326 1235 magnis
369 1158 504 1236 praemiis
548 1156 878 1234 pollicitationibusque
919 1177 991 1217 suos
1019 1148 1208 1232 excitarent,

207 1244 284 1321 quid
305 1242 370 1303 fieri
381 1243 484 1318 vellet,
498 1243 640 1303 ostendit.
681 1242 748 1319 Illi,
771 1250 806 1302 ut
829 1249 894 1302 erat
904 1242 1094 1321 imperatum,
1118 1242 1209 1301 educ·

209 1332 249 1390 tis
272 1330 309 1389 iis
333 1329 517 1405 cohortibus,
547 1349 615 1404 quae
644 1328 787 1407 praesidio
817 1329 927 1389 eastris
954 1329 1068 1388 relictae
1096 1329 1209 1387 intrita

210 1410 375 1476 ab¹'labore
398 1422 494 1491 erant,
519 1422 549 1473 et
570 1415 706 1491 longiore
728 1415 837 1473 itinere
859 1415 1083 1489 circumductis,
1112 1435 1151 1473 ne
1172 1434 1210 1473 ex

208 1503 342 1561 hostiurn
371 1502 479 1560 castris
502 1501 637 1578 conspici
658 1508 794 1578 possent,
825 1501 957 1559 omnium
985 1501 1081 1560 oculis
1102 1501 1210 1560 menti-

207 1590 328 1664 busque
352 1586 391 1646 ad
411 1607 544 1664 pugnam
566 1587 692 1645 intentis
716 1585 857 1646 celeriter
886 1586 1010 1661 adeas,
1034 1606 1110 1662 quas
1135 1586 1209 1645 dixi·

208 1693 293 1747 muS,
316 1670 503 1731 'munitiones
532 1678 736 1751 pervenerunt
765 1679 855 1747 atque
881 1672 930 1731 his
956 1673 1090 1750 prorutis
1123 1672 1209 1749 prius

208 1760 241 1819 in
262 1759 395 1818 hostium
418 1758 526 1817 eastris
541 1758 751 1832 constiterrmt,
775 1778 866 1833 quam
887 1758 978 1835 plane
1000 1758 1038 1816 ab
1056 1758 1094 1816 iis
1112 1757 1211 1817 videri

209 1851 271 1921 aut,
306 1844 379 1920 quid
406 1844 451 1903 rei
483 1852 649 1921 gereretur,
685 1844 829 1920 cognosci
861 1850 978 1921 posset.
1033 1843 1110 1902 Tum
1137 1862 1209 1902 vero

210 1932 341 1991 elamore
365 1930 402 1989 ab
427 1950 463 1988 ea
484 1937 572 2007 parte
595 1930 697 1989 audito
720 1929 819 1988 nostri
846 1929 1062 2006 redintegratis
1083 1928 1209 2003 viribus,

208 2016 292 2093 quod
325 2015 501 2094 plerumque
533 2016 565 2074 in
599 2035 654 2093 spe
692 2015 829 2076 victoriae
870 2014 1010 2074 accidere
1042 2014 1209 2090 consuevit,

210 2103 310 2161 aerius
343 2102 522 2179 impugnare
550 2108 715 2179 coeperunt.
772 2102 888 2174 Hostes
920 2100 1055 2177 undique
1083 2101 1210 2159 circum-

209 2188 295 2249 venti
317 2187 488 2265 desperatis
511 2188 649 2246 omnibus
678 2189 771 2246 rebus
801 2207 835 2246 se
864 2208 921 2265 per
949 2186 1130 2245 munitiones
1160 2186 1210 2245 de·

206 2273 304 2351 jicere
327 2280 358 2332 et
379 2272 452 2349 fuga
475 2274 604 2331 salutem
631 2280 736 2351 petere
763 2273 967 2333 intendenmt.
1021 2272 1106 2343 Quos
1129 2272 1211 2347 equi-

210 2367 293 2419 tatus
333 2358 532 2437 apertissimis
566 2360 682 2437 campis
716 2365 910 2417 consectatus
954 2378 992 2416 ex
1035 2357 1151 2415 milium
1184 2357 1210 2415 L

210 2464 349 2521 numero,
390 2464 457 2520 quae
497 2465 534 2503 ex
572 2444 737 2523 Aquitania
777 2443 997 2518 Cantabrisque
1031 2443 1211 2501 convenisse

211 2532 381 2606 constabat,
404 2530 456 2591 vix
480 2538 588 2611 quarta
608 2537 696 2608 parte
718 2529 841 2604 relicta,
875 2528 970 2587 multa
996 2534 1086 2586 nocte
1116 2546 1149 2585 se
1179 2528 1211 2585 in

210 2623 313 2677 castra
334 2617 459 2693 recepit.
747 2674 752 2690 ‚

295 2701 434 2761 XXVII.
480 2702 547 2760 Hac
570 2700 674 2759 audita
691 2719 795 2778 pugna
812 2700 943 2759 maxima
953 2718 1025 2777 pars
1036 2698 1210 2774 Aquitaniae

211 2806 280 2847 sese
305 2786 415 2847 Crasso
438 2787 556 2845 dedidit
578 2786 761 2862 obsidesque
788 2787 868 2846 ultro
895 2785 992 2861 misit,
1023 2785 1135 2860 quoin
1156 2805 1211 2843 nu-

211 2894 294 2933 mero
317 2872 441 2931 fuerunt
463 2872 606 2947 Tarbelli,
629 2872 969 2952 Bigerriones,Ptianii,
992 2872 1135 2947 Vocates,
1153 2869 1210 2929 Ta·

210 2966 341 3034 rusates,
375 2960 529 3035 Elusates,
562 2958 666 3033 Cates,
700 2959 812 3034 Ausci,
848 2957 1008 3033 Garumni,
1043 2956 1210 3031 Sibuzates,

214 3044 387 3104 Cocosates.
432 3046 543 3103 Paucae
563 3044 679 3103 ultimae
708 3044 847 3103 nationes
878 3044 949 3102 anni
975 3049 1111 3119 tempore
1141 3062 1211 3101 con·

211 3130 287 3206 fisae,
311 3130 392 3205 quod
413 3131 510 3190 hiems
534 3131 667 3204 suberat,
690 3130 748 3188 hoc
770 3128 874 3188 faeere
894 3129 1103 3205 neglexerrmt.

296 3216 454 3275 XXVIII.
498 3216 615 3275 Eodem
636 3215 702 3274 fere
723 3221 859 3292 tempore
882 3213 1000 3288 Caesar,
1029 3212 1088 3271 etsi
1116 3233 1211 3289 prope

213 3308 321 3361 exacta
338 3301 403 3377 jam
427 3308 518 3361 aestas
542 3309 615 3375 erat,
639 3308 750 3375 tamen,
774 3300 856 3375 quod
878 3300 958 3358 omni
982 3298 1081 3357 Callia
1101 3304 1212 3375 pacata

211 3386 322 3446 Morini
344 3388 537 3465 Menapiique
560 3393 749 3465 supererant,
772 3387 824 3461 qui
850 3386 883 3444 in
909 3385 1001 3444 armis
1030 3390 1133 3442 essent
1160 3403 1212 3443 116-

213 3492 272 3548 que
295 3472 334 3531 ad
363 3493 432 3531 611111
460 3474 593 3549 unquam
619 3473 738 3549 legatos
767 3472 806 3531 de
838 3490 913 3549 pace
941 3471 1109 3544 misissent,
1134 3470 1212 3529 arbi·

213 3565 312 3618 tratus
334 3558 366 3617 id
387 3559 502 3618 bellurn
525 3558 664 3618 celeriter
693 3556 802 3616 confici
829 3577 938 3635 posse,
963 3577 997 3615 eo
1028 3556 1213 3616 excercitum

213 3644 352 3719 adduxit,
378 3644 429 3719 qui
450 3644 540 3721 longe
564 3644 622 3703 alia
649 3643 767 3703 ratione
795 3664 831 3703 ac
858 3643 968 3718 reliqui
992 3642 1072 3701 Galli
1100 3643 1213 3701 bellum

212 3749 319 3808 gerere
353 3737 518 3807 coeperunt.
582 3730 661 3790 Nam
703 3728 786 3806 quod
803 3751 807 3761 ’
823 3730 1035 3807 intelligebant
1067 3728 1212 3785 maximas

211 3816 360 3891 nationes,
384 3836 452 3891 quae
474 3816 581 3894 proelio
606 3816 844 3891 contendissent,
866 3816 971 3893 pulsas
995 3820 1212 3891 superatasque

213 3921 291 3977 esse,
316 3902 564 3978 continentesque
587 3902 681 3963 silvas
710 3921 746 3960 ac
768 3900 896 3980 paludes
923 3900 1091 3971 habebant,
1121 3918 1156 3956 eo
1179 3916 1212 3956 se

214 4007 330 4063 suaque
361 3988 460 4045 omnia
489 3988 690 4047 contulerimt.
742 3986 795 4045 Ad
824 3985 951 4061 quarum
976 3984 1094 4042 initium
1122 3983 1212 4044 silva·

211 4093 280 4133 rum
302 4092 394 4148 quum
418 4072 523 4133 Caesar
539 4072 733 4152 pervenisset
751 4078 913 4147 castraque
930 4070 1047 4128 munire
1064 4069 1212 4129 instituis·
