2967 4609
275 335 335 392 13ss
587 324 640 377 DE
657 321 784 376 BELLO
804 319 981 377 GALLIOO.

270 514 512 600 Eporedorigem
534 519 809 592 etViridomarum‚
833 537 910 592 quos
937 517 982 576 illi
1008 516 1185 575 interfectos
1208 519 1271 576 exi-

274 608 448 679 stimabant,
470 605 549 664 inter
572 605 689 679 equites
711 603 829 678 versari
851 622 984 678 suosque
1003 603 1157 679 appellare
1170 603 1270 680 jubet.
1314 634 1319 642 ·

273 693 332 752 His
355 691 484 768 cognitis
507 699 538 749 et
560 690 692 750 Litavici
709 689 823 748 ¹frande
845 696 1008 766 perspecta
1029 685 1142 748 Headui
1164 709 1272 748 manus

274 778 399 837 tendere
423 774 617 849 [deditionem
639 771 821 852 significare]
853 782 883 833 et
910 773 1056 852 projectis
1079 774 1170 834 armis
1193 793 1270 834 mor·

275 872 336 942 tem
358 863 516 941 deprecari
538 862 695 939 incipiunt.
738 860 897 921 Litavicus
920 880 989 918 cum
1011 859 1075 946 suis
1099 861 1269 934 clientibus,

275 950 385 1026 quibus
407 968 490 1007 more
513 948 669 1007 Gallorum
691 945 779 1006 nefas
803 952 851 1004 est
872 946 962 1004 etiam
983 947 1015 1004 in
1044 953 1179 1005 extrema
1208 944 1270 1003 for·

274 1043 349 1094 tuna
371 1035 513 1093 descrere
535 1042 690 1111 patronos,
715 1031 899 1109 Gergoviam
921 1030 1069 1108 profugit·
1167 1036 1170 1050 ¹

360 1121 447 1178 XLI.
494 1118 597 1178 Oaesar
618 1119 733 1177 nuntiis
756 1117 794 1176 ad
818 1117 972 1177 civitatem
990 1117 1176 1175 Haeduorum
1197 1116 1280 1173 mis?

276 1207 329 1282 sis,
364 1206 415 1281 qui
444 1225 498 1264 suo
525 1204 672 1266 beneficio
701 1210 899 1266 conservatos
929 1203 1082 1277 docerent,
1107 1221 1181 1277 quos
1201 1201 1271 1277 jure

275 1292 348 1351 belli
369 1289 539 1353 interficere
561 1290 719 1368 potuisset,
744 1289 902 1363 tribusque
921 1289 1003 1347 horis
1023 1285 1139 1360 [noctis]
1158 1288 1274 1346 exemi*

196 1437 198 1442 ,
275 1378 320 1436 tui
343 1377 381 1436 ad
404 1377 536 1451 quietem
559 1376 638 1434 datis
661 1383 763 1434 castra
786 1374 823 1433 ad
848 1374 1031 1450 Gergoviam
1059 1373 1161 1433 movit.
1206 1373 1272 1432 Me-

277 1463 326 1522 dio
349 1461 415 1521 fere
436 1462 545 1521 itinere
567 1462 685 1536 equites
719 1483 737 1520 a
758 1460 854 1520 Fabio
882 1460 983 1534 missi,
1018 1466 1130 1535 quanto
1163 1477 1212 1517 rea
1240 1459 1272 1516 in

277 1548 410 1626 periculo
433 1547 537 1622 fuerit,
561 1554 729 1624 exponunt3
754 1547 880 1604 sumnus
905 1546 999 1623 copiis
1028 1552 1129 1603 castra
1157 1565 1271 1622 oppug-

275 1642 349 1694 nata
371 1634 588 1708 demonstrant,
617 1653 709 1708 quum
736 1633 842 1692 crebro
870 1632 979 1708 integri
1008 1631 1138 1690 defessis
1169 1649 1272 1688 succe-

277 1720 384 1778 derent
410 1726 590 1794 nostrosque
619 1719 741 1777 assiduo
769 1718 873 1776 labore
908 1716 1125 1793 defatigarent,
1162 1716 1272 1791 quibus

194 1801 197 1804 ⁴
276 1813 401 1884 propter
422 1804 659 1881 magnitudinem
682 1811 851 1863 castrorum
878 1810 1024 1880 perpetuo
1055 1809 1137 1861 esset
1163 1802 1273 1860 iisdem

277 1893 310 1950 in
343 1891 424 1951 vallo
457 1890 707 1968 permanendum
742 1888 934 1947 multitudine
969 1888 1148 1964 sagittarum
1181 1894 1272 1962 atque

277 1977 374 2035 omnis
396 1977 517 2052 generis
539 1977 668 2035 telorum
690 1976 802 2034 multos
825 1974 1015 2048 vulneratos3
1046 1972 1085 2032 ad
1112 1974 1178 2033 haec
1207 1993 1273 2031 sus·
1302 1995 1304 2000 ·

277 2062 402 2120 tinenda
423 2082 532 2138 magno
562 2063 631 2120 usui
657 2061 754 2120 fuisse
782 2066 946 2134 tormenta;
976 2052 1105 2118 Fabium
1134 2058 1274 2118 discessu

278 2167 381 2206 eornm
403 2146 522 2205 duabus
544 2147 659 2206 relictis
681 2148 778 2224 portis
808 2146 964 2204 obstruere
994 2152 1111 2204 ceteras
1139 2145 1273 2222 pluteos·

278 2253 338 2309 que
371 2232 451 2292 vallo
486 2232 598 2291 addere
632 2240 663 2292 et
697 2252 729 2291 se
752 2233 961 2308 inposterum
984 2230 1064 2289 diem
1087 2231 1274 2305 similemque

278 2318 382 2378 casum
405 2339 562 2395 apparare.
606 2318 666 2397 His
687 2319 780 2377 rebus
804 2316 932 2394 cognitis
946 2315 1050 2375 Caesar
1072 2336 1188 2375 summo
1211 2322 1275 2374 stn-

278 2405 328 2463 dio
350 2404 479 2462 militum
502 2411 572 2462 ante
595 2411 695 2463 ortum
717 2404 790 2462 solis
812 2404 845 2461 in
868 2410 969 2461 castra
990 2403 1137 2478 pervenit.

363 2489 469 2548 XLII.
513 2490 594 2551 Dum
616 2491 682 2549 haec
705 2489 744 2548 ad
768 2489 951 2566 Gergoviam
972 2495 1134 2563 geruntur,
1163 2487 1299 2546 Haedui¹

278 2576 384 2653 primis
406 2575 520 2634 nuntiis
543 2576 581 2633 ab
596 2576 741 2635 Litavico
766 2575 900 2652 acceptis
922 2573 1038 2632 nullum
1061 2574 1119 2632 sibi
1143 2572 1181 2632 ad
1204 2593 1275 2649 cog·

276 2661 464 2720 noscendum
487 2661 618 2738 spatium
640 2661 823 2736 relinquunt.
868 2659 1004 2736 Impellit
1033 2659 1108 2723 alios
1137 2659 1275 2733 avaritia,

279 2747 354 2805 alios
376 2746 533 2804 iracundia
556 2753 586 2804 et
607 2747 773 2819 temeritas²
798 2765 865 2821 quae
893 2745 1022 2803 maxime
1051 2745 1096 2804 illi
1122 2745 1276 2803 hominum

277 2832 382 2908 generi
405 2838 452 2890 est
473 2833 586 2906 innata,
610 2839 644 2890 ut
665 2833 764 2891 levem
787 2831 971 2889 auditionem
998 2831 1131 2888 habeant
1158 2851 1213 2908 pro
1241 2851 1277 2889 re

279 2924 442 2994 comperta.
491 2917 580 2975 Bona
613 2917 724 2977 civium
747 2918 952 2975 Romanorum
986 2915 1140 2994 diripiunt,
1176 2915 1276 2974 caedes

277 3002 404 3077 faciunt,
426 3002 457 3060 in
481 3003 660 3062 servitutem
671 3003 861 3062 abstrahunt.
895 3001 1033 3078 Adjuvat
1051 3022 1116 3060 rem
1127 3001 1276 3079 proclina-

279 3096 340 3148 tam
364 3088 614 3149 Convictolitavis
647 3089 827 3166 plebemque
861 3087 900 3146 ad
922 3087 1056 3146 furorem
1077 3088 1213 3165 impellit,
1242 3095 1278 3144 ut

278 3174 413 3234 facinore
436 3174 632 3233 admisso'ad
654 3175 816 3234 sanitatem
837 3173 949 3233 reverti
971 3172 1092 3250 pudeat.
1142 3173 1185 3232 M.
1207 3172 1278 3230 Ari-

279 3261 371 3319 stium
392 3260 546 3319 tribunum
568 3260 705 3335 militum,
723 3261 782 3320 iter
801 3259 840 3318 ad
856 3260 1007 3336 legionem
1023 3257 1197 3333 facientem,
1216 3257 1279 3318 fide

280 3346 352 3405 data
375 3365 412 3404 ex
435 3345 547 3424 oppida
570 3345 725 3406 Gavillono
750 3345 896 3420 educunt;
925 3345 1007 3402 idem
1036 3343 1138 3403 facere
1167 3350 1303 3423 cogunt

280 3450 342 3506 ece,
366 3431 417 3505 qui
439 3430 614 3508 negotiandi
637 3450 730 3490 causa
757 3431 800 3490 ibi
829 3430 1037 3489 constiterant.
1087 3430 1155 3488 Hos
1183 3429 1279 3494 conti-

280 3536 340 3575 nuo
373 3517 405 3574 in
437 3515 544 3576 itinere
564 3515 677 3575 ,adorti
711 3518 851 3575 omnibus
889 3515 1114 3593 impedimentis
1148 3521 1276 3588 exuunt3

279 3607 485 3679 repugnantes
509 3602 589 3660 diem
610 3601 791 3678 noctemque
821 3601 974 3675 obsident;
1004 3601 1108 3660 multis
1135 3601 1278 3676 utrinque

169 3745 172 3749 ,
278 3686 452 3747 interfectis
479 3687 626 3764 majorem
653 3688 877 3747 multitudinem
906 3693 1088 3745 armatorum
1116 3687 1278 3746 concitant.

364 3772 487 3831 XLIII.
532 3773 659 3832 Interim
680 3774 785 3832 nuntio
808 3774 899 3832 allato
922 3792 1025 3832 omncs
1048 3792 1151 3831 eorum
1168 3772 1281 3830 milites
1347 3801 1351 3812 ·

279 3859 312 3917 in
345 3865 497 3936 potestate
532 3857 663 3916 Caesaris
696 3860 802 3934 teneri,
838 3865 1021 3917 concurrunt
1054 3857 1093 3917 ad
1114 3857 1278 3931 Aristium

280 3944 358 4001 nihil
379 3943 501 4020 publico
524 3942 640 4002 factum
674 3944 798 4003 consilio
828 3944 1050 4017 demonstrant;
1081 3944 1281 4019 quaestionem

280 4027 431 4087 debonis
460 4027 586 4106 direptis
616 4029 798 4103 decernunt;
828 4029 960 4088 Litavici
988 4028 1178 4105 fratrumque
1199 4030 1281 4087 bona
