2967 4609
257 364 296 420 16
571 353 623 407 DE
642 352 769 407 BELLO
789 352 969 408 GALLIOO.

220 620 222 625 Ι
256 549 388 629 puloque
422 548 559 608 Romano
594 548 634 607 sit
669 548 782 621 auxilii,
818 546 1084 607 omnibus-Gallis
1112 547 1193 607 idem
1222 567 1290 607 esee

257 634 442 710 faciendum,
478 634 560 711 quod
592 632 728 693 Helvetii
763 632 907 706 fecerint,
942 640 977 691 ut
1010 632 1097 692 domo
1132 634 1290 710 emigrent,

259 720 342 779 aliud
365 719 558 794 domicilium,
589 718 664 779 alias
693 718 783 779 seiles
805 725 938 778 remotas
962 739 980 778 a
1003 718 1163 778 Germanis
1185 726 1293 796 petant

258 805 481 881 fortunamque,
517 824 706 881 quaecunque
734 803 863 877 accidat,
898 803 1102 881 experiantur.
1158 804 1236 863 Haec
1266 804 1292 863 si

260 891 416 950 enuntiata
438 890 595 950 Ariovisto
619 891 689 964 sint,
725 909 785 948 non
814 888 964 964 dubitare,
995 889 1068 964 quin
1091 888 1129 947 de
1152 890 1291 949 omnibus

259 976 427 1050 obsidibus
463 977 514 1051 qui
548 975 630 1053 apud
664 994 732 1035 eum
767 975 842 1049 sint,
877 974 1076 1051 gravisimum
1109 975 1292 1051 supplicium

259 1054 366 1120 sumat.
431 1060 584 1120 Oaesarem
616 1062 665 1121 vel
700 1060 881 1119 auctoritate
914 1079 971 1119 sua
1004 1066 1096 1135 atque
1130 1061 1291 1135 exercitus,

259 1148 308 1207 vel
329 1146 445 1206 recenti
468 1146 604 1220 victoria,
638 1146 688 1207 vel
715 1145 836 1205 nomine
857 1144 963 1222 populi
985 1144 1116 1205 Romani
1139 1145 1292 1205 deterrere

258 1250 365 1311 posse,
405 1251 444 1291 ne
478 1232 575 1308 major
608 1231 769 1291 multitudo
805 1230 1025 1289 Germanorum
1057 1230 1199 1291 Rhenum
1232 1238 1292 1290 tra·

259 1317 397 1391 ducatur,
433 1316 624 1393 Galliamque
658 1336 778 1376 omnem
812 1316 849 1375 ab
878 1315 1027 1376 Ariovisti
1060 1316 1170 1393 injuria
1200 1336 1293 1395 posse

260 1400 434 1462 defendere.

346 1487 488 1547 XXXII.
545 1488 613 1547 Hac
642 1488 777 1547 oratione
807 1488 845 1546 ab
868 1486 1020 1545 Divitiaco
1051 1486 1155 1546 habita
1178 1506 1292 1561 omnes,

262 1574 314 1648 qui
348 1572 491 1647 aderant,
532 1593 642 1650 magno
684 1571 758 1632 fletu
798 1571 944 1631 auxilium
977 1592 996 1631 a
1029 1570 1150 1631 Caesare
1189 1581 1294 1650 petere

264 1668 430 1736 coeperunt.
487 1658 712 1718 Animadvertit
747 1658 851 1718 Caesar
884 1676 962 1716 unos
997 1678 1034 1716 ex
1067 1658 1206 1717 omnibus
1241 1658 1293 1717 Se·

262 1764 378 1819 quanos
407 1745 482 1804 nihil
510 1764 614 1804 earum
641 1764 742 1805 rerum
771 1743 883 1817 facere,
919 1762 995 1817 quas
1024 1744 1118 1803 ceteri
1146 1742 1293 1818 facerent,

262 1828 363 1888 sedt
351 1831 455 1889 tristes
490 1831 589 1909 capite
628 1830 762 1889 demisso
802 1837 915 1887 terram
948 1828 1069 1888 intueri.
1132 1827 1211 1905 Ejus
1251 1828 1296 1888 rei

262 1934 330 1991 quae
364 1934 457 1975 carisa
490 1923 581 1990 esset,
616 1916 744 1974 miratus
778 1934 815 1973 ex
842 1914 918 1992 ipsis
948 1914 1077 1990 quaesiit.
1134 1913 1217 1972 Nihil
1242 1914 1294 1973 Se·
1321 1978 1326 1985 ,

263 2000 355 2075 quani
387 2001 580 2080 respondere,
616 1999 671 2059 sed
703 2000 735 2058 in
769 1999 875 2059 eadem
907 1999 1033 2058 tristitia
1061 1999 1147 2058 taciti
1176 2018 1295 2077 perma-

262 2102 344 2144 nere.
402 2086 501 2157 Quum
535 2087 573 2145 ab
603 2086 640 2145 iis
672 2086 785 2164 saepius
815 2090 967 2161 quaereret
994 2104 1093 2160 neque
1116 2084 1210 2144 ullam
1233 2106 1295 2144 om·
1342 2134 1346 2139 .

261 2170 331 2229 nino
360 2191 466 2231 vocem
498 2172 666 2250 exprimere
695 2178 810 2248 posset,
843 2169 924 2229 idem
954 2169 1126 2233 Divitiacus
1157 2170 1296 2230 Haeduus

261 2256 432 2334 respondit:
465 2257 555 2333 ,Hoc
586 2276 653 2317 esse
692 2256 881 2316 miseriorem
920 2262 950 2313 et
988 2255 1161 2332 graviorem
1199 2255 1295 2315 fortu-

262 2360 332 2400 nam
367 2341 575 2419 Sequanorum
616 2362 707 2418 quam
751 2342 952 2417 reliquorum,
987 2340 1069 2415 quod
1103 2341 1160 2400 soli
1193 2362 1231 2401 ne
1264 2343 1297 2401 in

264 2428 383 2485 occulto
429 2429 551 2504 quidem
595 2429 681 2504 queri
712 2438 820 2503 'neque
859 2424 1004 2485 auxilium
1042 2425 1204 2505 implorare
1243 2448 1295 2487 au-

264 2511 370 2572 derent
420 2515 616 2591 absentisque
660 2512 808 2574 Ariovisti
858 2510 1084 2585 crudelitatem,
1135 2513 1221 2572 velut
1270 2512 1296 2571 si

263 2616 365 2657 coram
414 2600 550 2674 adesset,
601 2600 774 2673 horrerent,
826 2605 988 2675 propterea
1038 2596 1121 2673 quod
1170 2598 1295 2696 reliquis

264 2690 365 2742 tamen
399 2683 481 2762 fugae
515 2684 648 2743 facultas
683 2683 823 2755 daretur,
859 2681 1008 2756 Sequanis
1042 2701 1131 2755 vero,
1166 2684 1218 2757 qui
1250 2684 1295 2742 in-

263 2775 311 2825 tra
344 2767 420 2828 fines
454 2788 526 2829 suos
559 2768 749 2828 Ariovistum
782 2766 985 2843 recepissent,
1022 2783 1164 2841 quorum
1184 2768 1296 2845 oppida

264 2853 363 2911 omnia
395 2855 427 2912 in
456 2860 608 2931 potestate
636 2852 704 2929 ejus
732 2858 845 2921 essent,
880 2869 985 2909 omnes
1016 2850 1168 2910 cruciatus
1192 2863 1296 2914 essent

260 2936 447 3014 perferendi.

349 3023 510 3083 XXXIII.
555 3024 614 3082 His
642 3025 735 3083 rebus
765 3021 895 3098 cognitis
920 3020 1024 3080 Caesar
1048 3021 1204 3082 Gallorum
1233 3025 1295 3083 ani·

264 3122 329 3167 mos
363 3110 465 3169 verbis
500 3108 690 3169 confirmavit
723 3108 940 3187 pollicitusque
969 3114 1016 3165 est
1047 3106 1105 3165 sibi
1134 3127 1201 3168 eam
1231 3130 1296 3169 rem

264 3213 344 3253 curae
379 3194 427 3254 fut
415 3204 527 3268 turam;
568 3214 709 3272 magnam
748 3214 781 3253 se
819 3192 933 3251 habere
965 3211 1051 3270 spem
1085 3200 1116 3250 et
1149 3194 1295 3255 beneficio

264 3298 318 3338 suo
353 3289 383 3338 et
418 3282 598 3341 auctoritate
632 3279 798 3340 adductum
824 3278 1014 3337 Ariovistum
1052 3276 1143 3337 finem
1175 3280 1295 3357 injuriis

264 3363 425 3424 iacturum.
482 3366 550 3426 Hac
585 3366 720 3426 oratione
754 3364 859 3423 habita
892 3362 1052 3423 concilium
1081 3363 1203 3424 dimisit.
1253 3366 1297 3426 Et

266 3448 432 3509 secundum
466 3471 501 3511 ea
535 3452 638 3511 multae
672 3470 722 3511 res
757 3470 825 3509 eum
858 3448 1074 3522 hortabantur,
1109 3469 1204 3525 quare
1238 3452 1296 3511 sibi

265 3554 331 3593 eam
360 3556 424 3594 rem
453 3537 647 3614 cogitandam
677 3545 707 3596 et
735 3531 960 3611 suscipiendam
982 3541 1114 3610 putaret,
1148 3536 1296 3614 imprimis

266 3620 347 3695 quod
375 3621 523 3697 Haeduos,
558 3621 670 3682 fratres
704 3619 1006 3697 consanguineosque
1040 3639 1248 3697 saepenumero
1274 3623 1297 3684 'a

265 3713 372 3765 senatu
401 3707 580 3785 appellatos,
614 3708 645 3767 in
674 3708 823 3767 servitute
852 3712 943 3780 atque
972 3704 1003 3762 in
1032 3703 1149 3765 dicione
1171 3706 1297 3768 videbat

266 3791 485 3852 Germanorum
512 3795 618 3868 teneri,
654 3811 817 3866 eorumque
851 3790 974 3849 obsides
1005 3809 1074 3849 esse
1103 3792 1186 3868 apud
1207 3794 1296 3854 Ario-

265 3877 378 3935 vistum
408 3899 442 3937 ac
466 3878 624 3955 Sequanos
647 3878 852 3954 intelligebam
889 3874 970 3950 quod
996 3877 1028 3933 iu
1057 3883 1141 3935 tanto
1169 3877 1295 3956 imperio

264 3963 369 4038 populi
402 3963 533 4023 Romani
571 3962 782 4042 turpissimum
820 3959 880 4020 sibi
922 3967 952 4018 et
985 3960 1030 4020 rei
1061 3961 1192 4038 publicae
1227 3985 1296 4028 esse

266 4047 478 4111 arbitrabatur.
546 4050 696 4109 Paulatim
741 4056 842 4107 autem
883 4045 1053 4109 Germanos
1097 4066 1296 4113 consuescere
