2967 4609
1194 333 1437 388 LIBER
1470 333 1572 388 VI.
1838 305 1855 313 ’
2273 350 2385 402 Ηῖ

365 529 761 590 multitudine
798 527 1213 604 jumentorum
1258 535 1441 604 atque
1487 528 1797 587 hominum
1853 531 2385 602 consumebantur,

369 617 487 677 sed
521 615 704 675 etiam
738 614 882 673 anni
913 620 1188 690 tempore
1222 620 1407 688 atque
1441 614 1739 679 imbribus
1775 617 2245 694 procubuerant,
2297 634 2381 678 ιιτ,

370 702 430 763 si
474 701 578 776 qui
623 700 806 758 etiam
849 700 913 758 in
955 699 1287 777 praesentia
1332 718 1399 757 se
1445 699 1875 775 occultassent‚
1922 708 2127 760 tamen
2168 702 2245 758 iifl
2285 706 2385 762 *11:22-

372 787 562 846 ducto
620 785 891 845 exercitu
954 805 1157 843 rerum
1212 777 1475 843 omnium
1528 785 1734 862 inopia
1786 786 2164 863 pereundum
2221 790 2385 846 vidn—

271 872 278 875 ’
368 879 558 932 retur.
648 871 745 930 Ac
812 890 978 947 saepe
1042 870 1107 927 in
1174 889 1313 928 eum
1375 870 1578 929 locum
1643 878 1894 930 ventum
1961 879 2057 932 est
2109 880 2281 931 tant-J
2329 878 2385 930 in

374 976 587 1016 omnes
652 962 861 1033 partes
930 955 1129 1015 diviso
1197 956 1492 1031 equitatu,
1559 962 1630 1013 ut
1693 955 1872 1015 modo
1938 958 2140 1018 visum
2201 962 2273 1018 al]
2325 982 2389 1018 m:

368 1042 791 1118 Ambiorigem
848 1041 911 1098 in
966 1040 1118 1117 fuga
1174 1041 1713 1118 circumspicerent
1770 1043 1998 1120 captivi
2051 1063 2165 1102 nec
2209 1046 2385 1122 plnum

370 1129 556 1186 etiam
602 1127 805 1185 abisse
850 1145 925 1184 ex
970 1133 1304 1203 conspectu
1347 1126 1818 1202 contenderent,
1875 1135 1945 1186 ut
1999 1147 2108 1206 spe
2166 1150 2377 1186 enume-

374 1212 604 1289 quendi
645 1212 816 1270 illata
861 1218 1043 1286 atque
1085 1211 1319 1270 infinito
1365 1212 1577 1271 labore
1623 1219 1929 1290 suscept0‚
1977 1215 2081 1290 qui
2125 1234 2193 1274 se
2229 1238 2383 1274 ι-ιιῃιιἿ

369 1319 534 1357 mam
578 1298 654 1356 ab
704 1295 948 1356 Caesare
970 1298 1230 1374 gratiam
1272 1297 1532 1356 inituros
1566 1305 1872 1376 putarent,
1910 1318 2088 1377 paene
2110 1310 2385 1358 naturam

371 1383 580 1444 studio
638 1382 982 1458 vincerent,
1052 1403 1415 1460 semperque
1471 1384 1723 1461 paulum
1778 1383 1857 1442 ad
1914 1404 2209 1444 summam
2257 1386 2385 1442 fali-

374 1470 624 1529 citatem
670 1467 942 1527 defuisse
987 1468 1317 1543 videretur,
1366 1475 1550 1543 atque
1594 1469 1698 1527 ille
1721 1469 1976 1529 latebris
2002 1478 2108 1529 aut
2131 1474 2385 1530 saltibus

381 1574 453 1614 se
502 1554 765 1631 eriperet
810 1561 872 1612 et
913 1560 1101 1612 noctu
1146 1555 1488 1613 occultatus
1535 1554 1686 1613 alias
1732 1555 2016 1630 regiones
2059 1566 2385 1634 partesque

368 1647 613 1718 peteret
666 1659 800 1699 non,
842 1639 1074 1715 majore
1142 1640 1413 1719 equitum
1477 1640 1766 1717 praesidio
1834 1659 2016 1716 quam
2083 1650 2385 1716 quan-mr:

378 1726 605 1802 quibus
652 1724 799 1783 solis
845 1725 1034 1784 vitam
1079 1744 1251 1784 suam
1297 1726 1676 1784 committere
1720 1725 2004 1784 audebat.

547 1810 781 1870 XLIV.
874 1810 1008 1868 Tali
1073 1811 1253 1869 modo
1321 1811 1581 1870 vastatis
1637 1811 1990 1888 regionibus
2058 1814 2381 1871 exer-cium

376 1895 592 1955 Caesar
647 1894 902 1954 duarum
959 1896 1296 1955 cohortium
1352 1897 1572 1954 damno
1629 1896 2111 1956 Durocortorum
2167 1898 2385 1954 Remm-

274 2026 280 2029 -
371 2002 512 2041 rum
556 1981 814 2056 reducit,
884 1981 1260 2057 concilioque
1326 1982 1392 2040 in
1448 2002 1586 2040 eum
1639 1983 1841 2040 locum
1887 1981 2105 2041 Galliae
2160 1982 2385 2042 imit-rs]

374 2067 454 2125 de
501 2065 918 2142 conjuratione
964 2066 1271 2126 Senonum
1328 2074 1391 2126 et
1436 2066 1772 2127 Carnutum
1827 2068 2226 2142 quaestionem
2289 2070 2385 2126 hu-

370 2154 525 2211 bere
567 2152 850 2226 instituit,
914 2160 976 2210 et
1022 2151 1096 2211 de
1140 2152 1419 2228 Accone,
1478 2153 1585 2229 qui
1637 2154 1925 2231 princeps
1973 2153 2108 2230 ejus
2155 2158 2385 2214 camisii

373 2237 597 2312 fuerat,
665 2237 947 2313 graviore
1014 2239 1316 2297 sententia
1380 2240 1774 2316 pronuntiata
1849 2258 2017 2298 more
2091 2242 2321 2314 majoru
2337 2262 2385 2296 m

346 2322 750 2401 supplicium
796 2324 1073 2400 sumpsit.
1176 2323 1470 2388 Nonnulli
1518 2323 1820 2400 judicium
1877 2324 2057 2383 veriti
2101 2326 2381 2401 profuge*

372 2416 547 2483 runt3
597 2408 818 2483 quibus
864 2428 1051 2483 quum
1096 2429 1254 2485 aqua
1298 2417 1483 2483 atque
1539 2409 1667 2484 igni
1718 2407 2168 2484 interdixisset,
2241 2410 2389 2466 :luas

375 2495 655 2571 legiones
701 2493 779 2552 ad
821 2492 974 2552 fines
1020 2494 1437 2568 Trevirorum,
1503 2493 1659 2552 duas
1714 2494 1777 2552 in
1821 2493 2233 2570 Lingonibus:
2281 2514 2389 2550 sex

373 2580 646 2654 reliquas
689 2578 755 2636 in
800 2577 1106 2638 Senonum
1149 2578 1371 2638 finibus
1415 2578 1724 2656 Agedinci
1777 2580 1842 2637 in
1884 2579 2159 2638 hibernis
2205 2582 2381 2638 utillo?

382 2665 567 2739 cavit,
628 2663 1057 2740 frumentoque
1114 2665 1406 2724 exercitui
1465 2665 1736 2742 proviso,
1793 2672 1865 2723 ut
1916 2665 2281 2730 instituerat,
2333 2666 2385 2722 in

374 2749 623 2809 Italiam
668 2749 747 2808 ad
792 2757 1126 2811 conventus
1173 2750 1444 2828 agendos
1488 2749 1805 2828 profectus
1851 2756 1965 2809 est.
