2967 4609
227 342 306 412 ‘166
560 340 949 398 nnnnnuoeunmoo

245 541 297 600 Ita
325 539 401 616 fuga
432 538 550 596 timoris
583 537 673 597 simul
705 537 940 613 calliditatisque
973 536 1065 615 plena
1094 537 1161 597 sine
1182 537 1244 596 ullo

245 626 425 686 detrimento
458 623 543 698 milia
574 643 635 682 non
665 623 795 701 amplius
816 622 849 681 X
870 623 1027 701 progressi
1050 623 1244 682 hostesloco

244 709 445 772 munitissimo
468 716 570 770 castra
588 708 768 787 'posuerunt
819 707 897 768 Inde
926 728 1019 784 quum
1041 727 1125 787 saepe
1147 709 1178 768 in
1200 709 1245 768 in-

246 797 331 858 sidiis
354 796 472 873 equites
493 795 674 873 peditesque
696 794 903 872 disponerent,
926 815 1037 872 magna
1060 794 1245 855 detrimenta

247 883 394 944 Romanis
415 882 455 940 in-
469 881 717 959 pabulationibus
738 879 921 939 inferebant.

330 967 437 1027 XVII.
484 967 573 1038 Quod
594 987 688 1043 quum
710 965 847 1025 erebrius
871 965 1031 1040 accideret,
1062 966 1246 1044 exceptive

247 1055 379 1132 quodam
412 1055 560 1131 comperit
593 1051 698 1112 Oaesar
731 1051 892 1126 Correum,
925 1051 1157 1111 Bellovacorum
1190 1051 1245 1110 du·

246 1160 321 1216 cem,
344 1139 580 1199 fortissimorum
601 1138 685 1197 milia
705 1137 754 1198 VI
775 1136 910 1215 peditum
939 1136 1091 1214 delegisse
1113 1137 1245 1213 equites-

246 1247 305 1303 que
328 1225 468 1286 exomni
490 1244 614 1284 numero
636 1223 727 1298 mille,
752 1241 828 1299 quos
850 1223 881 1281 in
903 1222 1024 1282 insidiis
1047 1221 1172 1282 eo'looo
1185 1224 1246 1282 col-

245 1312 371 1386 locaret,
394 1330 484 1386 quem
505 1311 537 1369 in
558 1310 659 1370 locum
680 1316 807 1387 propter
829 1309 947 1388 copiam
969 1307 1113 1367 frumenti
1136 1329 1170 1368 ac
1193 1330 1246 1386 pa-

247 1397 313 1457 buli
334 1397 490 1457 Romanos
513 1393 710 1474 [pabulatum]
739 1395 887 1454 missuros
916 1394 1133 1472 suspicaretur.
1178 1394 1246 1466 Quo

247 1483 368 1560 cognito
391 1481 518 1541 consilio
541 1479 666 1555 [Caesar]
694 1480 833 1558 legiones
859 1479 973 1558 plures,
1004 1500 1094 1556 quarn
1116 1479 1244 1556 solebat,

246 1568 358 1643 educit,
382 1568 619 1645 equitatumque,
649 1587 738 1644 quem
768 1566 988 1626 consuetudine
1015 1566 1245 1644 pabulatoribus

248 1655 369 1714 mittiue
390 1653 534 1733 praesidio
557 1659 733 1727 consuerat,
762 1653 929 1730 praemittit.
978 1651 1060 1711 Huic
1081 1652 1247 1730 interponit

249 1741 362 1799 auxilia
383 1740 461 1800 levis
484 1746 658 1813 armabrrae3
682 1738 750 1816 ipse
772 1757 841 1797 cum
862 1737 1041 1814 legionibus,
1065 1756 1157 1812 quam
1178 1744 1246 1816 pot-

248 1833 296 1886 est
317 1825 457 1899 maxime,
480 1824 714 1907 appropinquat.

334 1911 459 1972 XVIII.
504 1911 621 1970 Hostes
643 1910 675 1968 in
690 1909 811 1968 insidiis
828 1908 968 1986 dispositi
985 1928 1079 1983 quum
1095 1908 1154 1968 sibi
1166 1909 1246 1968 dele·

248 1998 368 2075 gissent
389 2017 529 2076 campum
557 1996 597 2055 ad
623 2016 688 2055 rem
714 1995 880 2073 gerendam
906 2013 968 2053 non
990 1993 1120 2072 amplius
1140 2001 1247 2072 paten-

210 2092 214 2099 '
247 2090 309 2141 tem
330 2083 362 2140 in
384 2102 489 2142 omnes
511 2088 615 2160 partes
637 2081 783 2160 passibus
805 2081 896 2155 mille,
926 2079 1012 2140 silvis
1040 2080 1173 2158 undique
1196 2087 1248 2140 aut

245 2168 503 2246 impetuosissimo
536 2167 659 2226 flumine
691 2167 840 2226 munitum
873 2165 959 2226 velut
991 2165 1134 2243 indagine
1166 2166 1246 2225 huno

245 2249 364 2314 insidiis
404 2253 676 2313 circumdederunt.
739 2250 908 2329 Explorato
947 2251 1081 2310 hostium
1121 2251 1246 2312 consilio

245 2340 342 2400 nostri
364 2340 403 2398 ad
424 2339 626 2422 proeliandum
658 2337 757 2398 animo
793 2344 884 2414 atque
914 2337 1005 2396 armis
1033 2338 1133 2415 parati
1155 2357 1247 2414 quum

247 2425 504 2502 subsequentibus
542 2425 714 2502 legionibus
757 2423 871 2483 nullam
904 2421 1128 2482 dimicationem
1160 2443 1246 2482 recu-

248 2518 361 2587 sarent,
389 2511 544 2571 turmatim
575 2511 608 2570 in
636 2530 705 2570 oum
734 2510 835 2569 locum
863 2507 1061 2569 devenerunt.
1112 2508 1248 2581 Quorum

251 2597 387 2681 adventu
426 2618 517 2674 quum
550 2597 609 2656 sibi
643 2595 774 2655 Correus
809 2594 942 2653 oblatam
981 2595 1171 2654 occasionem
1202 2595 1248 2653 rei

251 2683 396 2760 gerendae
418 2683 615 2757 existimaret,
649 2681 879 2760 primumcum
907 2679 1015 2757 paucis
1050 2697 1084 2739 se
1114 2679 1248 2740 ostendit

250 2777 340 2844 atque
362 2769 395 2826 in
415 2768 570 2846 proximas
598 2774 714 2826 turmas
742 2767 889 2844 impeturn
918 2764 1001 2824 fecit.
1047 2765 1154 2825 Nostri
1177 2785 1247 2824 oon-

248 2860 366 2913 stanter
397 2854 553 2913 incursum
586 2853 738 2912 sustinent
769 2851 989 2925 insidiatorum,
1023 2870 1121 2927 neque
1142 2851 1247 2929 plures

246 2940 279 2998 in
300 2960 394 2998 unum
420 2939 520 2999 locum
549 2938 747 3012 conveniunt,
778 2936 861 3012 quod
888 2936 1066 3014 plerumque
1100 2937 1247 3012 equestri-

203 3064 208 3076 ·
249 3026 309 3084 bus'
340 3025 456 3103 proeliis
490 3045 583 3100 quum
620 3029 746 3101 propter
785 3022 916 3099 aliquem
954 3021 1093 3082 timorem
1126 3021 1246 3098 accidit,

247 3118 311 3170 tum
332 3110 525 3170 multitudine
546 3110 683 3188 ipsorum
705 3109 919 3168 detrimentum
942 3107 1099 3186 accipitur.

332 3196 424 3256 XIX.
470 3195 570 3267 Quum
592 3195 750 3273 dispositis
770 3195 879 3253 turmis
900 3195 932 3252 in
959 3194 1058 3254 vicem
1085 3193 1147 3254 rari
1167 3213 1248 3271 proe-

247 3283 393 3342 liarentur
424 3301 522 3358 neque
555 3284 593 3343 ab
627 3279 775 3340 lateribus
808 3278 1020 3340 circumveniri
1053 3298 1126 3339 suos
1161 3287 1247 3357 pete-

248 3375 368 3443 rentur,
409 3374 572 3445 erumpunt
611 3367 706 3427 ceteri
740 3365 853 3425 Correo
886 3365 1046 3444 proeliante
1080 3385 1117 3424 ex
1150 3365 1247 3426 silvis.

247 3453 301 3512 Fit
322 3473 432 3530 magna
454 3453 647 3513 contentione
670 3452 827 3512 diversum
848 3451 998 3529 proelium.
1044 3450 1133 3522 Quod
1156 3471 1249 3527 quum

250 3538 364 3598 diutius
385 3539 453 3616 pari
474 3539 574 3598 Marte
596 3539 731 3612 iniretur,
754 3537 902 3616 paulatim
930 3535 967 3596 ex
989 3536 1076 3597 silvis
1098 3537 1249 3596 instructa

250 3623 412 3685 multitudo
434 3624 574 3702 procedit
594 3623 742 3702 peditum,
766 3643 834 3700 quee
862 3628 983 3684 nostros
1012 3621 1113 3700 coegit
1139 3621 1248 3682 cedere
1318 3685 1323 3691 ,

249 3710 382 3786 equites;
406 3709 516 3784 quibus
539 3711 679 3770 celeriter
701 3709 885 3770 subveniunt
911 3709 989 3768 levis
1012 3714 1174 3767 armaturae
1196 3727 1248 3786 pe-

250 3795 338 3872 dites,
363 3814 439 3873 quos
468 3803 538 3855 ante
566 3796 703 3872 legiones
731 3795 843 3854 missos
866 3794 972 3869 docui,
999 3793 1169 3869 turmisque
1195 3813 1249 3853 no-

250 3888 382 3941 strorum
424 3881 597 3959 interpositi
636 3887 812 3940 constanter
848 3880 1036 3958 proeliantur.
1092 3880 1250 3956 Pugnatur

249 3966 436 4041 aliquamdiu
457 3967 524 4044 pari
547 3966 756 4040 contentione;
780 3965 899 4040 deinde,
923 3972 956 4024 ut
977 3965 1054 4024 ratio
1071 3965 1250 4042 postulabat

250 4051 360 4127 proelii,
384 4053 436 4128 qui
458 4053 668 4112 sustinuerant
688 4051 803 4129 primos
824 4051 957 4129 impetus
982 4050 1168 4127 insidiarum,
1191 4050 1249 4110 hoo
