2967 4609
263 366 303 424 62
560 359 613 413 DE
631 357 759 415 BELLO
777 356 956 413 GALLIGO.

262 573 352 629 quem
380 553 459 614 diem
486 569 598 632 pugnes
614 554 892 634 praetermitteret,
927 553 1183 632 opportunissime
1210 572 1261 613 res

262 640 382 715 accidit,
405 639 487 715 quod
509 640 656 717 postridie
679 641 747 719 ejus
769 640 829 699 diei
851 660 940 699 mane
960 639 1069 699 eadem
1086 646 1118 698 et
1134 638 1262 718 perfidia

253 732 293 789 et
315 725 505 785 simulatione
528 726 576 784 usi
599 726 742 787 Germani
770 725 947 801 frequentes
976 726 1117 785 omnibus
1149 725 1260 803 princi-

261 812 351 889 pibus
372 810 600 888 majoribusque
621 820 695 872 natu
717 812 862 871 adhibitis
885 810 924 869 ad
946 830 1015 870 eum
1036 812 1069 869 in
1092 818 1193 870 castra
1209 832 1261 872 ve-

260 904 380 973 nerunt,
405 897 503 973 simul,
527 904 561 957 ut
583 897 756 975 dicebatur,
785 898 835 956 sui
868 895 1020 974 purgandi
1048 916 1150 973 causa,
1181 897 1262 973 quod

262 990 377 1059 contra,
406 990 498 1058 atque
531 991 614 1043 esset
641 984 756 1043 dietum
783 990 815 1043 et
836 982 897 1061 ipsi
924 983 1088 1060 petissent,
1122 982 1262 1061 proelium

260 1068 359 1146 pridie
382 1069 613 1145 commisissent,
638 1071 727 1129 simul
749 1077 792 1144 ut,
816 1069 843 1127 11
860 1068 934 1144 quid
955 1075 1091 1146 possent,
1115 1068 1160 1130 de¹
1174 1068 1261 1127 indu-

225 1171 227 1176 ’
261 1155 312 1213 tiis
334 1154 467 1217 fallendo
488 1156 694 1232 impetrarent.
741 1154 825 1227 Quos
848 1154 907 1213 sibi
930 1153 1034 1213 Gaesar
1062 1154 1183 1213 oblatos
1208 1175 1261 1230 ga·

260 1241 355 1315 visus,
389 1240 459 1300 illos
492 1241 615 1299 retineri
638 1241 748 1318 jussit,
782 1241 849 1317 ipse
885 1260 989 1299 omnes
1018 1240 1122 1318 copias
1152 1240 1261 1299 castris

263 1325 368 1385 eduxit
396 1326 632 1407 equitatumque,
668 1326 751 1403 quod
782 1326 899 1386 recenti
926 1326 1034 1403 proelio
1068 1326 1263 1404 perterritum

262 1431 330 1470 esse
353 1410 554 1487 existimabat,
579 1432 687 1489 agmen
709 1412 857 1487 subsequi
875 1411 980 1507 jussit.

346 1496 434 1557 XIV.
463 1497 539 1557 Acie
560 1498 674 1576 triplici
696 1498 837 1557 instituta
854 1505 885 1557 et
902 1497 1043 1557 celeriter
1060 1504 1128 1556 octo
1147 1497 1262 1556 milium

260 1583 369 1642 itinere
392 1582 530 1642 confecto
552 1584 637 1661 prius
661 1584 700 1643 ad
711 1584 845 1643 hostium
862 1591 963 1643 cestra
985 1584 1135 1660 pervenit,
1160 1604 1259 1657 quam,

227 1682 232 1697 '¹
262 1668 334 1745 quid
357 1675 507 1746 ageretur,
540 1669 682 1729 Germani
712 1670 825 1729 sentire
853 1676 989 1747 possent.
1041 1668 1101 1740 Qui
1123 1670 1262 1727 omnibus

260 1756 353 1814 rebus
376 1755 477 1814 subito
500 1757 668 1833 perterriti,
700 1764 732 1816 et
754 1756 910 1815 celeritate
939 1754 1090 1816 adventus
1112 1755 1209 1814 nostri
1232 1762 1262 1813 et

261 1840 401 1900 discessu
434 1860 567 1917 suorum,
601 1862 700 1917 neque
734 1841 852 1901 consilii
885 1840 1017 1900 habendi
1049 1860 1148 1917 neque
1179 1861 1263 1910 arma

261 1926 399 2004 capiendi
433 1927 531 2004 spatio
565 1927 635 1987 dato
668 1929 900 2005 perturbantur,
935 1926 1077 2005 copiasne
1112 1925 1260 1986 adversus

260 2013 380 2071 hostem
402 2011 542 2087 educere,
566 2034 605 2072 an
635 2021 735 2073 cestra
763 2012 936 2088 defendere,
965 2033 1005 2071 an
1032 2012 1106 2090 fuga
1134 2012 1262 2071 salutem

260 2104 364 2176 petere
385 2105 557 2174 praestaret.
603 2098 738 2170 Quorum
759 2100 849 2158 timor
871 2119 964 2174 quum
985 2098 1109 2157 fremitu
1139 2104 1170 2158 et
1192 2118 1262 2157 con-

261 2201 352 2241 cursu
374 2182 610 2259 significaretur,
643 2185 756 2243 milites
781 2185 878 2244 nostri
904 2184 1026 2261 pristini
1054 2184 1114 2244 diei
1135 2182 1262 2261 perfidia

260 2269 378 2327 incitati
409 2269 441 2327 in
475 2276 576 2329 eastra
607 2271 791 2348 irrupenmt.
849 2269 915 2341 Quo
948 2271 1014 2329 loco
1047 2270 1099 2345 qui
1122 2270 1262 2329 celeriter

261 2376 344 2415 arma
366 2375 475 2432 capere
497 2363 670 2433 potuerunt,
694 2356 851 2434 paulisper
871 2357 986 2415 nostris
1014 2356 1194 2415 restiterunt
1216 2363 1260 2413 at·
1342 2367 1349 2373 ·

260 2442 419 2517 quainter
442 2461 545 2501 carros
566 2442 843 2521 impedimentaque
864 2442 1006 2520 proelium
1029 2442 1258 2515 commiserunt;

260 2534 292 2586 at
317 2528 435 2604 reliqua
462 2527 623 2587 multitudo
651 2548 814 2606 puerorum
841 2529 1061 2604 mulierumque
1089 2526 1170 2599 (nam
1193 2546 1261 2585 cum

260 2614 397 2673 omnibus
421 2613 485 2671 suis
508 2614 596 2673 domo
620 2621 816 2674 excesserant
837 2614 1040 2689 Rhenumque
1063 2613 1259 2684 transierant)

258 2700 374 2777 passim
411 2697 519 2774 fugere
553 2700 657 2778 coepit;
699 2700 737 2759 ad
779 2719 856 2775 quos
896 2699 1116 2758 consectandes
1156 2698 1261 2758 Caesar

261 2785 427 2859 equitatum
449 2784 539 2843 misit.

344 2870 415 2928 XV.
462 2869 605 2929 Germani
626 2876 697 2948 post
718 2877 839 2947 tergum
861 2870 992 2929 clamore
1020 2868 1138 2944 audito,
1169 2889 1262 2945 quum

261 2975 332 3015 suos
359 2954 488 3014 interfici
510 2956 664 3031 viderent,
694 2956 786 3015 armis
815 2955 942 3032 abjectis
971 2954 1129 3032 signisque
1151 2955 1260 3014 milita·

259 3042 343 3100 ribus
366 3042 480 3101 relictis
503 3060 536 3101 se
559 3062 596 3101 ex
619 3042 729 3101 castris
752 3041 922 3120 ejecerunt,
955 3048 986 3101 et
1013 3062 1106 3117 quum
1128 3041 1167 3099 ad
1190 3061 1260 3100 oon-

259 3126 401 3187 fluentem
423 3128 519 3187 Mosae
543 3134 574 3186 et
594 3127 695 3187 Rheni
715 3128 938 3205 pervenissent,
961 3127 1079 3203 reliqua
1106 3125 1181 3205 fuga
1209 3127 1260 3185 de·

260 3220 392 3292 sperate,
415 3234 524 3290 magno
546 3233 671 3273 numero
699 3213 861 3274 interfecto
891 3214 1003 3290 reliqui
1033 3233 1067 3273 11
1094 3213 1127 3271 in
1148 3212 1261 3271 flumen

259 3300 527 3377 praecipitaverunt
549 3306 640 3376 atque
662 3300 705 3360 ibi
731 3301 852 3375 timore,
864 3299 1056 3375 lassitudine,
1079 3299 1111 3359 vi
1127 3298 1260 3357 fluminis

261 3386 383 3462 oppresi
415 3385 579 3463 perierunt.
634 3385 741 3445 Nostri
770 3386 807 3445 sd
834 3406 928 3444 unum
962 3404 1067 3445 omnes
1094 3384 1260 3443 incolumes

259 3470 420 3548 perpaucis
442 3471 609 3529 vulneratis
631 3491 669 3530 ex
690 3471 768 3530 tanti
788 3471 861 3530 belli
880 3471 1001 3547 timore,
1020 3490 1112 3546 quum
1129 3470 1261 3529 hostium

260 3574 403 3615 numerus
426 3556 559 3635 capitum
582 3556 734 3616 GDXXX
756 3557 872 3617 milium
893 3556 1013 3632 fuisset,
1037 3576 1071 3615 se
1098 3556 1130 3614 in
1160 3563 1262 3615 castra

260 3648 449 3719 receperunt.
496 3640 600 3701 Oaesar
620 3643 667 3718 iis,
692 3663 769 3719 quos
790 3644 822 3702 in
853 3643 962 3702 castris
991 3642 1168 3717 retinuerat,
1199 3641 1261 3700 dis-

261 3727 389 3787 cedendi
411 3733 594 3806 potestatem
615 3727 703 3803 fecit,
727 3730 774 3788 illi
791 3729 942 3807 supplicia
961 3728 1174 3804 cruciatusque
1187 3727 1259 3787 Gal-

260 3813 358 3873 lorum
379 3813 483 3895 reriti,
518 3833 646 3889 quorum
680 3834 771 3891 agros
800 3820 1003 3890 vexaverant,
1033 3834 1191 3873 remanere
1224 3833 1259 3872 se

262 3899 343 3977 apud
365 3919 433 3959 eum
445 3898 524 3959 velle
536 3898 686 3959 dixerunt.
716 3900 775 3959 His
789 3900 893 3959 Caesar
908 3900 1081 3959 libertatem
1099 3900 1259 3959 concessit.

346 3984 434 4045 XVl.
486 3984 665 4045 Germanico
693 3986 774 4045 bello
804 3984 943 4045 confecto
971 3984 1075 4043 multis
1099 3985 1260 4045 decausis

263 4067 366 4129 Caesar
389 4070 496 4129 statuit
518 4071 576 4130 sibi
596 4072 737 4132 Rhenum
766 4090 835 4131 esse
862 4071 1097 4147 transeundum,
1133 4091 1261 4147 quarum
