2967 4609
536 372 538 381 '
640 375 816 432 11001111.
1031 442 1034 448 ,
1145 387 1268 459 139,

229 572 385 645 oriebatur
407 572 517 647 aliique
540 572 629 631 0110111
657 572 688 629 10
715 579 834 648 partem
862 572 1016 649 perterriti
1045 572 1231 633 ferebantur.

233 657 350 729 Quibus
374 658 511 717 omuibus
534 658 626 717 rebus
647 657 778 735 permoti
800 658 917 732 equites
946 657 1075 732 Treviri,
1107 679 1233 734 quorum

231 744 313 803 inter
343 743 448 802 Gallos
482 743 604 804 virtutis
638 742 737 819 opinio
767 750 815 801 est
842 743 1020 819 singularis,
1049 743 1101 819 qui
1129 745 1232 804 auxilii

234 848 326 888 causa
359 830 396 887 ab
431 830 554 889 civitate
588 828 627 887 ad
650 828 802 887 Gaesarem
834 829 920 887 missi
953 836 1109 905 venerant,
1140 850 1233 905 quum
1307 835 1309 838 ’

233 914 423 973 multitudine
456 916 589 974 hostium
622 922 723 973 castra
757 914 901 991 compleri
933 923 1054 989 nostra,
1095 915 1231 991 legiones

231 1000 328 1077 premi
360 1007 390 1058 et
422 1020 510 1077 paene
544 1001 768 1059 circumventas
796 1001 908 1074 teneri,
943 1001 1074 1075 calones,
1103 1002 1231 1076 equites,

233 1084 415 1159 funditores,
451 1086 599 1145 Numidas
633 1085 772 1145 diversos
806 1085 1029 1163 dissipatosque
1062 1086 1093 1144 in
1127 1106 1231 1146 omnes

231 1178 334 1249 partes
368 1170 475 1247 fugere
505 1171 669 1247 vidissent,
704 1170 874 1249 desperatis
907 1172 1020 1230 nostris
1053 1172 1145 1230 rebus
1179 1173 1232 1231 do-

232 1277 313 1315 mum
335 1257 569 1331 contenderunt3
599 1258 755 1316 Romanos
782 1257 888 1334 pulsos
916 1264 1152 1334 superatosque,
1183 1278 1232 1317 ca·
1300 1259 1303 1265 ’

231 1342 304 1401 stris
326 1342 608 1419 impedimentisque
631 1363 735 1401 eorum
756 1343 861 1401 hostes
883 1344 1012 1420 petitori,
1042 1344 1158 1403 civitati
1185 1365 1232 1403 re·

231 1428 457 1487 nuntiaverunt.

316 1514 419 1573 XXV.
466 1513 569 1573 Caesar
592 1515 629 1571 ab
653 1508 778 1601 decimae
800 1513 929 1590 legionis
958 1515 1164 1574 cohortatione
1193 1511 1233 1575 ad
1261 1542 1265 1551 ·

231 1705 325 1743 unum
347 1685 448 1743 locum
472 1685 589 1743 collatis
613 1684 799 1743 duodecimae
821 1685 950 1761 legionis
973 1684 1127 1745 confertos
1155 1686 1232 1745 mili-

147 1838 150 1843 ,
231 1778 279 1829 100
293 1770 360 1829 sibi
381 1771 465 1848 ipsos
488 1770 528 1829 ad
549 1791 682 1847 pugnam
704 1790 773 1829 esse
794 1770 1008 1848 impedimento
1031 1770 1117 1845 vidit,
1142 1793 1231 1848 quar-

231 1862 272 1914 tae
296 1856 428 1915 cohortis
457 1857 596 1915 omnibus
626 1856 852 1915 centurionibus
887 1856 996 1915 occisis
1025 1856 1230 1934 signiferoque
1270 1870 1273 1881 ·

229 1940 399 2017 interfecte,
423 1942 510 2018 signo
533 1942 653 2017 0011000,
684 1942 869 2018 reliquarum
896 1942 1064 2001 cohortium
1092 1943 1231 2002 omnibus

198 2069 200 2073 ·
228 2026 296 2086 fere
319 2028 545 2086 centurionibus
568 2034 620 2086 aut
641 2028 808 2087 vulneratis
831 2034 883 2086 aut
906 2028 1024 2103 0001010,
1047 2029 1078 2086 10
1100 2029 1148 2088 his
1170 2030 1230 2107 pri·

231 2112 334 2190 mipilo
358 2113 402 2171 ·P.
428 2112 531 2173 Sextio
554 2113 679 2187 Baculo,
714 2113 879 2172 fortissimo
912 2113 992 2189 vire,
1026 2114 1129 2173 multis
1162 2136 1231 2191 gra·

229 2198 379 2274 vibusque
401 2198 577 2270 vulneribus
600 2198 748 2273 confecto,
778 2207 813 2258 ut
838 2199 904 2275 jam
932 2218 965 2258 00
993 2200 1143 2259 0001111010
1171 2222 1232 2259 000

230 2291 345 2362 posset,
368 2284 501 2360 reliquos
524 2304 591 2343 esse
613 2285 765 2344 tardiores
793 2292 823 2343 01
844 2285 1005 2344 nonnullos
1035 2286 1073 2343 ab
1101 2287 1231 2346 novissi-

230 2370 287 2428 mis
311 2370 431 2428 deserto
454 2371 560 2448 proelio
585 2370 731 2429 excedere
761 2390 796 2429 ac
818 2371 880 2429 1010
907 2370 1014 2444 vitare,
1044 2371 1149 2429 hostes
1178 2391 1230 2430 ne-

227 2475 289 2531 que
323 2476 341 2513 0
374 2455 474 2514 110010
503 2475 540 2514 01
565 2454 710 2515 inferiore
738 2455 805 2514 loco
834 2456 1001 2528 subeuntes
1030 2455 1231 2515 intermittere

231 2548 262 2600 et
295 2542 332 2599 ab
366 2549 494 2617 utroque
527 2543 623 2600 latere
656 2540 771 2599 instare
805 2547 920 2599 011001
950 2558 1019 2598 0000
1047 2541 1078 2597 10
1100 2549 1230 2617 angusto

229 2626 316 2702 vidit,
340 2646 439 2702 neque
460 2627 555 2685 ullum
579 2646 647 2686 0000
671 2625 849 2697 subsidium,
874 2625 955 2700 quod
982 2626 1130 2684 summitti
1160 2647 1230 2704 pos-

230 2720 292 2771 set:
317 2719 403 2771 00010
426 2713 464 2771 ab
486 2712 660 2775 novissimis
683 2712 734 2769 uni
756 2712 845 2769 militi
874 2712 1025 2786 detracto,
1055 2712 1136 2787 quod
1163 2712 1230 2790 ipse

231 2817 266 2857 eo
290 2798 354 2856 sine
378 2805 464 2857 scuto
487 2805 621 2873 venerat,
650 2798 681 2856 in
706 2798 835 2875 primam
864 2798 959 2857 aciem
975 2798 1137 2875 processit,
1162 2818 1231 2857 cen-

229 2883 459 2959 turionibusque
486 2884 663 2942 nominatim
696 2883 858 2961 appellatis
886 2883 1019 2958 reliquos
1055 2885 1231 2944 cohortatus

231 2969 362 3027 milites
374 2969 461 3045 signa
494 2969 606 3029 inferre
646 2976 676 3028 01
709 2969 878 3046 manipulos
910 2970 1014 3027 laxare
1044 2970 1136 3046 jusit,
1172 2990 1231 3045 quc

227 3042 349 3113 facilius
382 3055 493 3131 gladiis
521 3056 566 3114 uti
592 3062 728 3133 possent.
783 3054 838 3131 cuj
841 3073 878 3112 us
901 3054 1035 3114 adventu
1062 3074 1117 3131 spe
1144 3055 1232 3114 illata·

230 3140 376 3199 militibus
399 3160 434 3200 ac
456 3141 662 3218 redintegrato
687 3140 794 3215 01111110,
830 3159 923 3215 quum
955 3159 1010 3215 pro
1044 3159 1078 3198 se
1101 3140 1230 3215 quisque

230 3224 262 3283 in
284 3233 450 3303 conspectu
468 3227 668 3305 *imperatoris
697 3226 787 3284 011001
816 3224 848 3282 10
876 3224 1018 3282 extremis
1047 3225 1110 3294 suis
1138 3226 1231 3284 rebus

231 3330 353 3388 operam
374 3332 488 3373 navare
511 3319 645 3390 cuperet,
668 3312 794 3389 paulum
816 3310 949 3369 hostium
970 3309 1102 3386 impetus
1130 3310 1231 3369 tarda-

230 3403 282 3455 tus
305 3404 362 3456 001.
430 3422 432 3427 ’

221 3484 225 3493 ’
316 3482 437 3543 XXVI.
474 3483 578 3542 Caesar
595 3504 687 3559 quum
706 3482 866 3560 septimam
882 3481 1041 3557 legionem,
1060 3501 1127 3556 quae
1143 3480 1233 3559 juxta

122 3580 124 3585 ’
231 3568 420 3643 00001110101,
442 3569 515 3647 item
537 3570 640 3645 urgeri
663 3570 699 3628 ab
723 3568 811 3627 hoste
833 3568 972 3642 vidisset,
995 3568 1133 3627 tribunos
1156 3569 1232 3626 mili—

230 3660 296 3711 tum
318 3654 442 3729 monuit,
465 3661 500 3724 ut
521 3655 667 3732 paulatim
695 3674 764 3713 sese
791 3654 927 3731 legiones
956 3652 1175 3730 conjungerent
1202 3661 1232 3712 et

233 3758 380 3799 conversa
413 3740 500 3816 signa
532 3739 564 3799 in
585 3740 690 3799 hostes
717 3739 874 3799 inferrent.
933 3738 999 3809 Quo
1034 3737 1116 3797 10010
1140 3759 1233 3814 quum

232 3824 310 3883 alius
344 3825 395 3883 alii
428 3826 598 3885 subsidium
630 3826 726 3885 ferret
758 3846 856 3901 neque
889 3826 1026 3899 timeret,
1060 3844 1098 3883 ne
1132 3824 1233 3886 aversi

233 3910 271 3967 ab
294 3911 382 3970 hoste
406 3910 704 3986 circumvenirentur,
728 3911 875 3969 audacius
897 3870 1040 3969 1001010110
1063 3928 1098 3967 00
1120 3908 1232 3968 fortius

232 3992 368 4072 pugnare
391 4005 555 4095 coeperunt
611 3997 739 4056 Interim
767 3997 878 4055 milites
913 3996 1065 4071 legionum
1093 3994 1230 4070 duarum,

232 4100 301 4159 quae
323 4082 354 4139 in
375 4083 539 4143 novissimo
563 4083 682 4160 agmine
698 4082 842 4160 praesidio
858 4080 1082 4158 impedimentis
1099 4079 1231 4156 fuerant,
