2967 4609
280 366 320 424 56
585 359 638 412 DE
656 357 783 411 BELLO
802 357 980 414 GALLIGO.

281 562 338 630 set,
360 574 457 630 neque
479 554 577 615 hostis
599 554 719 613 interim
741 554 827 615 visus
851 561 942 630 esset,
966 554 1114 632 dispersis
1136 556 1168 613 in
1190 577 1281 635 opere

280 640 393 700 nostris
428 640 528 699 subito
557 660 595 699 ex
623 640 762 699 omnibus
795 641 934 717 partibus
968 639 1053 701 silvae
1084 642 1280 702 evolaverunt

254 765 257 771 ,
281 733 313 785 et
333 726 365 785 in
386 732 507 785 nostros
529 726 675 805 impetum
697 724 844 785 fecerunt.
896 726 1003 785 Nostri
1031 727 1170 786 celeriter
1199 749 1280 787 arma

282 819 428 889 ceperunt
461 831 574 887 eosque
605 812 638 871 in
671 812 766 872 silvas
800 812 976 889 repulerunt
1012 819 1043 870 et
1077 813 1280 891 compluribus

280 896 449 957 interfectis
471 898 591 975 longius
613 898 855 975 impeditioribus
876 898 954 956 locis
982 898 1080 957 secuti
1107 918 1221 976 paucos
1243 920 1281 958 ex

196 1000 199 1007 '
283 984 346 1043 suis
369 983 615 1061 deperdiderimt.

367 1069 491 1129 XXIX.
525 1069 664 1144 Reliquis
687 1068 832 1146 deinceps
855 1069 964 1128 diebus
982 1068 1086 1128 Oaesar
1108 1070 1200 1131 silvas
1224 1090 1281 1129 cse-

283 1156 354 1215 dere
382 1156 514 1214 instituit
542 1163 581 1230 et,
614 1174 653 1219 ne
681 1155 750 1229 quis
781 1155 948 1214 inermibus
980 1155 1281 1233 imprudentibusque

281 1242 427 1301 militibus
461 1242 498 1299 ab
529 1242 624 1299 latere
653 1240 784 1317 impetus
817 1239 883 1300 fieri
915 1249 1030 1319 posset,
1065 1261 1182 1300 omnem
1215 1262 1281 1301 eam

282 1328 448 1402 materiam,
472 1346 539 1402 ques
563 1333 630 1386 erat
652 1345 741 1401 caese,
772 1346 951 1386 conversam
980 1327 1020 1386 ad
1046 1327 1164 1386 hostem
1191 1328 1282 1386 collo-

283 1415 374 1472 cabat
395 1420 426 1472 et
446 1433 501 1489 pro
524 1413 604 1473 vallo
628 1412 667 1470 ad
688 1419 849 1487 utrumque
871 1413 952 1472 latus
975 1414 1143 1472 extruebat.
1177 1413 1281 1472 Incre-

283 1499 368 1557 dibili
401 1498 555 1571 celeritate
582 1518 692 1575 magno
726 1499 825 1576 spatio
858 1500 964 1576 paucis
998 1499 1104 1558 diebus
1133 1498 1281 1573 coniecto,

284 1604 375 1659 quum
394 1583 460 1661 jam
481 1604 575 1661 pecus
598 1591 689 1659 atque
712 1591 847 1643 extrema
867 1584 1083 1662 impedimenta
1105 1585 1142 1643 ab
1168 1585 1282 1643 nostris

283 1676 467 1746 tenerentur,
490 1670 550 1747 ipsi
568 1670 725 1730 densiores
749 1670 843 1731 silvas
865 1677 1014 1749 peterent,
1038 1670 1189 1747 ejusmodi
1211 1677 1283 1729 sunt

283 1763 481 1834 tempestates
504 1764 685 1831 consecutae,
708 1756 753 1815 uti
776 1776 852 1834 opus
874 1757 1047 1816 necessario
1069 1756 1281 1815 intermittere·

283 1849 334 1901 tur
356 1849 387 1901 et
409 1842 633 1901 continuatione
655 1842 796 1901 imbrium
826 1842 940 1901 diutius
969 1843 1024 1901 sub
1053 1842 1184 1920 pellibus
1206 1842 1282 1901 mili-

282 1934 330 1987 tes
354 1928 500 1987 contineri
521 1948 582 1987 non
603 1934 739 2006 possent.
785 1929 895 2003 Itaque
917 1928 1046 1989 vastatis
1070 1928 1209 1987 omnibus
1232 1948 1281 1988 eo-

284 2034 350 2072 rum
373 2014 464 2089 agris,
493 2014 569 2073 vicis
599 2012 795 2088 aedificiisque
823 2014 957 2072 incensis
985 2013 1089 2072 Caesar
1119 2014 1284 2073 exercitum

284 2098 405 2157 reduxit
427 2106 458 2157 et
478 2098 510 2157 in
531 2099 672 2158 Aulercis
695 2099 911 2175 Lexoviisque,
934 2099 1060 2175 reliquis
1081 2098 1155 2158 item
1178 2100 1282 2159 civita-

284 2184 377 2260 tibus,
398 2204 465 2261 quae
484 2186 612 2244 maxime
628 2185 741 2244 bellum
753 2184 898 2260 fecerant,
917 2186 949 2243 in
960 2184 1095 2243 hibernis
1113 2185 1282 2246 collocavit.
