2967 4609
619 371 739 424 LIBER
762 372 812 425 IV.
1007 398 1009 402 .
1179 380 1216 437 61

217 569 350 646 spatium
371 567 466 626 daret.
511 566 589 625 Haec
612 567 711 626 omnia
734 566 839 625 Caesar
861 566 967 625 eodem
994 567 1046 625 1110
1069 568 1220 645 pertinere

219 655 431 727 arbitrabatur,
455 660 490 710 ut
516 652 609 711 tridui
636 673 721 711 mora
749 653 930 729 interposita
958 653 1076 727 equites
1106 673 1218 731 eorum,

217 740 269 815 qui
302 740 454 813 abessent,
488 746 729 811 reverterentur3
766 745 867 796 tamen
902 757 970 798 sese
1011 759 1072 797 non
1099 740 1219 818 longius

215 826 337 884 milibus
358 844 506 903 passuum
529 831 672 899 quattuor
695 824 866 899 aquationis
890 843 984 882 causa
1004 844 1219 901 processurum

217 932 252 971 eo
276 911 324 969 die
347 909 435 985 dixit;
459 910 519 968 huc
542 917 665 987 postero
690 910 738 968 die
768 930 858 985 quam
886 908 1127 985 frequentissimi
1149 932 1219 971 con·

216 997 364 1071 uenirent,
394 1003 427 1054 ut
450 996 488 1054 de
512 1015 616 1054 eorum
644 995 808 1073 postulatis
841 1003 1048 1072 cognosceret.
1092 997 1220 1057 Interim

220 1083 259 1142 ad
290 1080 469 1159 praefectos,
505 1081 556 1156 qui
591 1101 659 1140 cum
692 1082 772 1139 omni
807 1081 945 1155 equitatu
980 1088 1217 1161 antecesserant,

216 1169 317 1243 mittit,
342 1168 393 1243 qui
414 1166 604 1241 nuntiarent,
628 1187 666 1225 ne
689 1167 794 1226 hostes
823 1168 931 1244 proelio
959 1167 1149 1227 lacesserent
1178 1177 1217 1245 et,

217 1255 244 1313 si
266 1254 325 1331 ipsi
346 1253 586 1327 lacesserentur,
605 1253 808 1328 sustinerent,
828 1252 929 1328 quoad
951 1254 1016 1331 ipse
1042 1274 1110 1312 cum
1133 1276 1218 1315 exer·

217 1340 280 1398 citu
301 1339 427 1417 propius
451 1339 641 1398 accessisset.
944 1361 947 1365 ·

301 1425 378 1484 XII.
423 1425 467 1483 At
488 1424 592 1483 hostes
615 1425 667 1483 ubi
696 1418 826 1501 primum
854 1431 977 1484 nostros
1007 1426 1125 1501 equites
1148 1448 1218 1486 con-

217 1518 391 1589 spexerunt,
416 1531 543 1587 quorum
566 1518 630 1569 erat
653 1511 788 1586 quinque
810 1510 926 1569 milium
947 1531 1102 1587 numerus,
1126 1533 1219 1588 quum

216 1597 276 1675 ipsi
296 1617 358 1655 non
380 1596 509 1674 amplius
532 1594 640 1654 DGOO
663 1597 782 1672 equites
810 1596 968 1671 haberent,
997 1597 1080 1672 quod
1100 1598 1137 1672 ii,
1167 1600 1219 1674 qui

215 1682 419 1741 frumentandi
442 1702 535 1741 causa
545 1682 644 1741 ierant
654 1689 740 1741 trans
761 1682 889 1756 Mosam,
908 1682 1042 1740 nondum
1053 1683 1217 1760 redierant,

216 1769 291 1827 1111111
312 1769 489 1827 timentibus
511 1769 635 1843 nostris,
665 1767 747 1843 quod
775 1767 870 1844 legati
899 1788 1002 1826 eorum
1029 1769 1119 1845 paulo
1148 1778 1218 1829 ante

218 1875 235 1912 a
267 1852 387 1913 Caesare
417 1854 623 1913 discesserant
657 1860 748 1929 atque
781 1853 808 1912 is
839 1853 905 1911 dies
932 1854 1058 1913 indutiis
1087 1862 1152 1914 erat
1179 1858 1217 1915 ab

216 1940 253 1998 iis
280 1940 405 2018 petitus,
438 1940 554 2017 impetu
586 1939 668 1999 facto
698 1939 838 1998 celeriter
866 1946 988 1998 nostros
1017 1943 1218 2017 perturbave-

215 2033 294 2085 rimt.
339 2027 460 2085 Rursus
482 2025 696 2085 resistentibus
718 2024 833 2084 nostris
857 2025 1077 2086 consuetudine
1100 2046 1156 2086 sua
1178 2028 1218 2087 ad

216 2111 311 2189 pedes
339 2111 539 2185 desiluerimt;
570 2110 713 2171 suffossis
743 2112 829 2186 equis
864 2111 1130 2189 compluribusque
1164 2134 1217 2173 no-

217 2198 288 2257 stris
317 2196 445 2274 dejectis
479 2197 611 2273 reliquos
639 2198 671 2255 in
701 2196 805 2275 fugam
834 2197 1029 2274 conjecerunt
1057 2204 1147 2281 atque
1174 2200 1218 2259 ita

216 2284 392 2360 perterritos
416 2290 551 2360 egerunt,
575 2290 692 2342 utnon
714 2284 800 2361 prius
823 2282 897 2360 fuga
915 2283 1107 2363 desisterent,
1128 2305 1218 2360 quam

216 2370 247 2427 in
272 2376 468 2447 conspectum
496 2369 624 2445 agminis
646 2370 744 2429 nostri
771 2370 936 2428 venissent.
981 2369 1020 2427 In
1048 2389 1082 2428 eo
1110 2372 1217 2447 proelio

218 2474 255 2512 ex
277 2456 429 2530 equitibus
459 2455 575 2514 nostris
598 2453 821 2513 interficiuntur
854 2461 998 2529 quattuor
1032 2461 1062 2512 et
1097 2463 1217 2532 septua-

218 2541 310 2617 ginta,
333 2542 365 2599 in
386 2542 434 2600 his
456 2541 504 2601 vir
528 2540 714 2599 fortissimus
736 2540 808 2598 Piso
830 2539 1003 2614 Aquitanus
1032 2540 1217 2617 amplissimo

218 2646 328 2703 genere
350 2633 451 2700 natuS,
475 2626 563 2703 cujus
587 2645 662 2687 avus
690 2626 721 2683 in
752 2625 877 2686 civitate
907 2644 962 2683 sua
990 2626 1117 2702 regnum
1140 2628 1216 2685 obti-

215 2718 332 2787 nuerat,
355 2712 469 2771 amicus
492 2714 529 2771 ab
554 2718 661 2771 senatu
682 2718 787 2769 nostro
811 2711 991 2789 appellatus.
1041 2712 1101 2770 Hic
1124 2733 1217 2788 quum

216 2796 304 2856 fratri
333 2798 505 2857 intercluso.
527 2799 564 2857 ab
592 2798 732 2856 hostibus
762 2798 907 2855 auxilium
936 2795 1047 2872 ferret,
1071 2798 1156 2857 illum
1179 2820 1216 2859 ex

216 2884 349 2961 periculo
373 2884 496 2961 eripuis
525 2885 592 2962 ipse
624 2904 701 2959 equo
735 2884 894 2943 vrrlnerato
929 2883 1082 2960 dejectus,
1118 2886 1217 2960 quoad

215 2970 324 3046 potuit,
352 2968 519 3029 fortissime
552 2970 675 3028 restitit.
728 2969 828 3040 Quum
859 2970 1085 3029 circumventus
1113 2972 1215 3030 multis

215 3055 391 3115 vulneribus
414 3055 548 3133 acceptis
572 3055 734 3114 cecidisset
764 3062 856 3131 atque
883 3054 916 3112 id
937 3054 1046 3129 frater,
1082 3057 1133 3130 qui
1151 3056 1216 3132 jam

215 3141 322 3217 proelio
345 3148 530 3215 excesserat,
553 3140 660 3219 procul
683 3140 959 3215 animadvertisset,
982 3140 1108 3199 incitato
1138 3141 1215 3217 equo

217 3244 251 3284 se
272 3226 411 3286 hostibus
434 3227 543 3286 obtulit
566 3234 657 3303 atque
679 3225 858 3285 interfectus
882 3233 938 3283 cst.

298 3300 395 3371 XIII.
440 3313 509 3371 Hoc
532 3311 613 3371 facto
635 3312 745 3390 proelio
759 3309 863 3370 Caesar
885 3330 984 3385 neque
1003 3310 1069 3386 jam
1092 3312 1151 3370 sibi
1173 3312 1215 3373 le·

215 3403 302 3473 gatos
326 3398 492 3458 audiendos
520 3418 618 3474 neque
646 3396 838 3457 condiciones
868 3396 1060 3474 accipiendas
1089 3399 1215 3459 arbitra-

214 3484 305 3541 batur
327 3486 364 3543 ab
386 3484 435 3559 iis,
459 3484 510 3559 qui
531 3504 587 3562 per
615 3484 717 3543 dolum
745 3489 835 3558 atque
862 3482 989 3541 insidias
1017 3484 1114 3560 petita
1140 3507 1215 3563 pace

214 3568 292 3627 ultro
319 3570 433 3629 bellum
459 3570 650 3643 intulissent3
682 3576 842 3647 expectare
870 3589 960 3643 vero,
984 3568 1056 3627 dum
1082 3571 1216 3631 hostium

216 3655 310 3731 copiae
333 3662 517 3733 angerentur
539 3655 753 3731 equitatusque
776 3660 990 3729 reverteretur,
1015 3675 1140 3716 summae
1164 3658 1215 3717 de-

213 3741 334 3799 mentiae
358 3761 426 3801 esse
444 3741 612 3819 judicabat,
636 3749 667 3800 et
696 3740 818 3818 cognita
846 3740 1003 3800 Gallorum
1030 3740 1213 3815 infirmitate,

216 3833 362 3900 quantum
385 3827 450 3904 jam
480 3827 561 3906 apud
584 3846 635 3886 eos
664 3827 769 3886 hostes
796 3847 855 3885 uno
883 3826 989 3905 proelio
1026 3828 1214 3888 auctoritatis

215 3919 319 3971 essent
341 3914 505 3989 consecuti,
530 3913 689 3988 sentiebat,
713 3913 824 3988 quibus
847 3912 886 3971 ad
914 3910 1039 3971 consilia
1067 3912 1214 3989 capienda

213 3998 288 4056 1111111
311 4000 402 4076 spatii
425 3999 558 4057 dandum
586 3998 789 4057 existimabat.
834 3998 892 4056 His
923 3996 1094 4055 constitutis
1121 4001 1213 4058 rebus

216 4090 247 4143 et
279 4084 404 4144 consilio
439 4104 507 4143 cum
540 4085 649 4161 legatis
673 4091 704 4144 et
727 4090 879 4159 quaestore
913 4082 1141 4160 communicato,
1175 4106 1213 4145 ne
