2967 4609
288 378 348 436 rte
519 447 522 450 ἢ
566 336 642 422 ’ΒΕ
660 366 787 422 sunno
806 365 975 422 cluniac

287 567 461 644 disponunt.
506 563 557 622 Ita
577 563 674 621 nostri
696 561 756 622 fine
784 561 884 640 proelii
911 561 994 621 faoto
1023 561 1162 622 celeriter
1193 581 1286 642 opera

285 651 408 710 flamma
430 648 649 727 comprehensa
676 649 789 725 pm‘tim
816 648 1025 726 restinguunt,
1053 648 1165 726 partim
1192 649 1285 708 inter-

286 736 438 797 scindunt.
483 735 583 807 Quum
595 734 793 811 pertinaciter
809 733 988 794 resisterent
1005 734 1157 812 oppidani,
1175 753 1286 812 magna

287 823 379 883 etiam
407 828 496 900 parte
525 820 638 880 amissa
667 819 719 878 siti
746 839 870 880 snorum
899 819 932 878 in
955 820 1106 879 sententia
1127 828 1308 898 permane-'

286 916 363 983 rent,
387 908 427 966 ed
447 912 636 986 postremum
658 905 805 964 cuniculis
826 925 914 966 venae
930 905 1025 965 fontis
1043 905 1197 965 intercisae
1215 914 1287 965 sunt

200 1033 208 1056 i
286 1001 377 1070 etque
400 1012 526 1053 aversae.
567 991 634 1063 Quo
657 990 740 1051 facto
763 998 889 1069 repente
911 991 1053 1069 perennis
1076 991 1194 1050 exaruit
1215 991 1287 1052 fons

212 1106 213 1109 ¹
254 1132 257 1138 ,
285 1087 462 1155 tantamque
485 1076 587 1137 attulit
609 1076 771 1156 oppidanis
794 1077 902 1136 salutis
925 1077 1178 1155 desperationem,
1201 1086 1237 1137 ut
1254 1077 1288 1136 id

285 1185 346 1224 non
378 1165 533 1224 hominum
566 1161 701 1237 consilio,
736 1162 790 1221 sed
824 1162 949 1222 deorum
981 1163 1139 1224 voluntate
1171 1162 1288 1223 factum

285 1258 439 1330 putarent.
484 1250 593 1324 Itaque
616 1268 650 1307 se
672 1248 855 1307 necessitate
879 1249 978 1308 eoacti
999 1247 1199 1308 tradidenmt.

373 1335 490 1396 XLIV.
536 1332 641 1393 Caesar
663 1353 755 1409 quum
778 1353 865 1393 snam
886 1335 1043 1393 lenitatem
1061 1335 1213 1412 cognitam
1224 1355 1287 1394 om-

285 1423 375 1481 nibus
400 1423 493 1480 sciret
514 1426 789 1495 usquevereretur,
812 1439 850 1479 ne
873 1419 947 1496 quid
970 1419 1150 1480 crudelitate
1168 1427 1285 1493 nonnae
1309 1446 1314 1455 ·

286 1506 444 1568 videretur
477 1506 616 1584 asperius
648 1503 777 1581 fecisse,
811 1526 910 1582 neque
944 1506 1059 1564 exitum
1093 1506 1287 1566 consiliorum

286 1613 410 1653 suorum
432 1592 696 1665 animadve1teret,
720 1593 747 1650 si
768 1591 823 1650 tali
845 1590 962 1651 ratione
994 1591 1124 1652 diversis
1151 1593 1185 1650 in
1210 1591 1285 1651 loeis

286 1680 391 1757 plnres
432 1678 560 1737 consilia
597 1678 741 1752 inissent,
781 1676 918 1755 exemplo
957 1677 1100 1755 supplicii
1133 1677 1287 1738 deterren-

287 1765 343 1824 dos
377 1764 512 1840 reliquos
546 1763 739 1829 existimavit
796 1763 905 1839 Itaque
936 1764 1086 1840 omnibus,
1121 1763 1172 1838 qui
1205 1783 1288 1822 arma

286 1851 432 1927 tulerant,
455 1868 563 1909 manns
585 1848 734 1927 praeoidit,
758 1849 852 1909 vitem
875 1849 1036 1924 concessit,
1066 1868 1126 1924 quo
1149 1849 1289 1908 testatior

288 1944 372 1996 esset
393 1955 485 2014 poena
506 1936 721 2013 improborum.
766 1934 919 2014 Drappes,
949 1955 1040 2010 quem
1069 1941 1191 2012 captum
1219 1954 1288 1994 esse

287 2043 305 2082 a
328 2021 453 2081 Caninio
476 2020 575 2096 docui,
599 2021 665 2081 sive
692 2020 873 2098 indignitate
902 2026 932 2079 et
962 2019 1065 2080 dolore
1087 2021 1286 2095 vinculorum,

286 2108 352 2167 sive
385 2107 493 2165 timore
524 2106 674 2182 gravina
703 2106 853 2184 supplicii,
884 2105 994 2183 'paucis
1022 2104 1128 2165 diebus
1156 2107 1223 2166 cibo
1254 2125 1288 2166 se

286 2193 436 2252 abstinuit
457 2198 548 2267 atque
571 2191 614 2250 ita
635 2191 760 2250 interiit.
811 2191 928 2251 Eodem
956 2199 1093 2270 tempore
1114 2192 1287 2267 Lucterius,

287 2298 377 2354 quem
398 2275 575 2357 profugisse
597 2297 635 2336 ex
656 2277 765 2355 proelio
790 2277 910 2355 scripsi,
934 2298 1027 2353 quum
1055 2277 1087 2336 in
1102 2284 1288 2355 potestatem

286 2365 425 2424 venisset
446 2363 615 2441 Epasnacti
635 2363 769 2423 Arverni
792 2362 910 2434 (crebro
934 2363 1013 2422 enim
1030 2363 1183 2423 mutandis
1211 2364 1287 2423 locis

285 2451 450 2510 multorum
482 2448 554 2509 fidei
587 2468 621 2508 se
645 2449 863 2526 committebat,
897 2449 980 2526 quod
1001 2469 1150 2525 nusquam
1174 2449 1287 2508 diutius

287 2536 353 2596 sine
374 2536 511 2614 periculo
542 2541 782 2594 commoratmue
810 2535 984 2610 videbatur,
1014 2555 1107 2610 quum
1137 2535 1196 2594 sibi
1218 2555 1288 2594 oon·

289 2622 372 2680 scius
403 2628 496 2697 esset,
526 2641 617 2696 quam
638 2620 792 2680 inimicum
820 2621 947 2681 deberet
977 2619 1130 2680 Gaesarem
1151 2620 1287 2696 habere),

287 2708 369 2766 huno
390 2707 585 2785 Epasnactus
601 2706 769 2782 Arvernus,
794 2707 997 2766 amicissimus
1020 2707 1125 2785 populi
1146 2706 1287 2782 Romani,

287 2794 353 2852 siue
376 2791 564 2851 dubitatione
585 2793 648 2852 ulla
669 2793 806 2852 vinetum
829 2792 868 2852 ad
891 2790 1044 2852 Gaesarem
1066 2793 1200 2852 deduxit.

372 2876 471 2937 XLV.
516 2877 671 2936 Labienus
692 2879 813 2937 interim
835 2879 867 2937 in
884 2877 1020 2939 Treviris
1044 2885 1186 2954 equestre
1207 2897 1289 2955 proe-

287 2964 362 3023 lium
383 2962 459 3022 facit
480 2963 648 3022 secundum
671 2963 937 3041 compluribusque
959 2963 1093 3025 'lieviris
1115 2963 1288 3024 interfectis

288 3057 319 3109 et
341 3049 512 3124 Germanis,
535 3049 587 3125 qui
606 3048 701 3107 nullis
724 3048 873 3109 adversus
884 3049 1039 3110 Romanos
1062 3049 1174 3109 auxilia
1197 3047 1288 3108 dene-

287 3136 412 3212 gabant,
434 3134 589 3212 principes
613 3155 717 3194 eorum
738 3135 827 3196 vivos
848 3134 961 3212 redigit
982 3135 1020 3194 in·
1036 3154 1122 3195 suam
1151 3141 1287 3213 potesta·

287 3228 358 3296 tem,
382 3228 473 3296 atque
495 3221 527 3279 in
553 3221 601 3279 his
632 3220 743 3280 Surum
775 3219 942 3296 Haeduum,
973 3221 1026 3296 qui
1054 3227 1084 3280 et
1112 3220 1235 3282 virtutis
1258 3227 1291 3280 et

288 3306 409 3384 generis
431 3325 579 3365 summam
590 3306 781 3365 nobilitatem
798 3307 932 3366 habebat
942 3307 1087 3382 solusque
1109 3327 1146 3366 ex
1158 3306 1289 3366 Haeduis

289 3391 381 3451 adid
403 3399 525 3470 tempus
547 3398 758 3469 permanserat
779 3392 812 3451 in
834 3393 935 3451 armis.

373 3476 490 3537 XLVI.
534 3477 582 3537 Ea
608 3498 642 3537 re
672 3478 794 3556 cognita
822 3476 927 3537 Caesar
961 3498 1052 3553 quum
1085 3478 1117 3536 in
1151 3476 1290 3536 omnibns

287 3562 427 3641 partibus
456 3562 564 3622 Galliae
591 3565 670 3623 bene
697 3583 748 3622 res
776 3562 842 3641 geri
864 3562 983 3624 videret
1000 3563 1216 3640 judicaretque
1238 3581 1289 3620 su·

287 3647 460 3726 perioribus
483 3649 600 3708 aestivis
624 3649 756 3708 Galliam
786 3648 939 3726 devictam
968 3650 1187 3726 subactamque
1210 3667 1290 3723 esse,

287 3733 484 3809 Aquitaniam
504 3753 660 3810 nunquam
680 3735 748 3813 ipse
770 3734 896 3811 adisset,
926 3734 982 3794 sed
1010 3755 1066 3813 per
1087 3735 1122 3793 P.
1147 3733 1292 3794 Crassum

289 3818 420 3896 quadam
442 3826 588 3897 exparte
611 3820 787 3896 devicisset,
810 3841 879 3880 oum
907 3821 943 3880 H
965 3821 1135 3898 legionibus
1164 3822 1197 3879 in
1225 3837 1292 3878 eam

288 3910 407 3982 partem
429 3904 537 3964 Gallias
571 3911 619 3964 est
647 3905 815 3983 profectus,
845 3913 880 3964 ut
906 3906 949 3964 ibi
978 3914 1148 3965 extremum
1169 3913 1293 3983 tempus

291 3996 483 4048 consumeret
505 3991 689 4052 aestivorum.
735 3991 834 4062 Quam
855 4011 929 4066 rem,
953 3991 1044 4051 sicuti
1066 3998 1178 4067 cetera,
1211 3990 1291 4050 cele-

290 4073 365 4132 riter
396 4073 590 4150 feliciterque
623 4074 757 4135 confecit
764 4096 771 4150 ;
810 4097 941 4152 namque
975 4096 1080 4136 omnes
1114 4077 1292 4153 Aquitaniae

291 4157 431 4216 civitates
447 4158 566 4236 legatos
583 4160 623 4220 ad
635 4160 787 4221 Gaesarem
805 4161 952 4222 miserunt
964 4162 1147 4240 obsidesque
1160 4163 1188 4222 ei
1199 4161 1293 4222 dede-
