2967 4609
600 1144 798 1227 «LIBER
828 1147 877 1227 V.

246 1268 354 1380 Lucio
387 1320 538 1393 Domitio,
576 1319 677 1397 Appio
714 1317 841 1377 Claudio
882 1320 1058 1377 consulibus
1092 1318 1253 1379 discedens

247 1406 284 1465 ab
307 1406 443 1465 hibernis
468 1404 571 1463 Oaesar
592 1405 625 1463 in
647 1403 778 1478 Italiam,
801 1411 837 1461 ut
859 1406 1021 1480 quotannis
1049 1404 1152 1464 facere
1182 1426 1252 1464 con-

246 1499 359 1566 suerat,
382 1490 493 1568 legatis
515 1490 653 1567 imperat,
677 1509 755 1565 quos
777 1490 949 1566 legionibus
971 1489 1168 1567 praefecerat‚
1196 1492 1252 1564 uti,

247 1597 336 1651 quam
357 1577 503 1655 plmimas
525 1583 662 1652 possent,
692 1576 792 1633 bieme
821 1595 916 1634 naves
946 1574 1142 1634 aedificandas
1169 1583 1253 1636 vete·

245 1662 357 1737 resque
378 1660 559 1721 reficiendas
583 1667 733 1719 curarent.
779 1661 895 1719 Earum
917 1660 1040 1719 modum
1062 1660 1251 1737 formamque

200 1755 208 1761 '
246 1746 442 1807 demonstrat.
498 1746 547 1803 Ad
583 1747 769 1805 celeritatem
804 1744 949 1804 onerandi
982 1745 1253 1821 subductionisque

244 1834 337 1910 paulo
360 1832 436 1891 facit
457 1832 643 1907 humiliores,
668 1852 760 1907 quam
783 1831 894 1906 quibus
917 1831 948 1889 in
975 1838 1081 1889 nostro
1110 1832 1187 1891 mari
1208 1833 1252 1890 uti

207 1958 209 1965 ,
246 1918 468 1993 consvevimus,
498 1923 589 1992 atque
618 1917 651 1976 id
678 1938 713 1977 eo
737 1917 846 1993 magis,
870 1917 1099 1995 quodpropter
1129 1918 1253 1975 crebras

246 2004 495 2062 commutationes
529 2009 659 2061 aestuum
691 2002 792 2061 minus
824 2021 951 2079 magnos
983 2003 1027 2060 ibi
1053 2000 1166 2061 fluctus
1187 2002 1254 2061 fieri

246 2096 446 2165 cognoverat,
486 2088 526 2146 ad
565 2108 657 2147 onera
690 2108 726 2147 ac
777 2088 1000 2147 multitudinem
1048 2087 1255 2165 jumentommr

244 2173 511 2251 transportandam
532 2173 623 2251 paulo
646 2174 781 2249 latiores,
811 2194 903 2249 quam
930 2174 1041 2249 quibus
1069 2174 1101 2232 in
1128 2175 1270 2250 reliquis·

245 2261 357 2318 utimur
390 2259 534 2318 maribus.
590 2258 657 2317 Has
692 2279 797 2318 omnes
831 2260 983 2319 actuarias
1016 2260 1145 2336 imperat
1177 2259 1252 2332 fieri,

245 2365 335 2421 quam
365 2344 404 2404 ad
432 2364 497 2403 rem
518 2344 648 2403 multum
666 2344 821 2403 humilitas
841 2345 976 2421 adjuvat.
1011 2344 1068 2419 Ea,
1092 2364 1160 2419 quae
1183 2352 1254 2403 sunt

246 2432 314 2489 usui
337 2430 377 2489 ad
399 2430 560 2489 armandas
588 2450 699 2505 naves,
729 2450 767 2489 ex
793 2430 945 2507 Hispania
974 2430 1129 2506 apportari
1153 2429 1251 2505 jubet.

246 2516 320 2593 Ipse
344 2516 544 2575 conventibus
568 2516 677 2574 Galliae
701 2515 850 2574 citerioris
878 2515 1012 2592 peractis
1038 2514 1071 2572 in
1093 2514 1253 2591 Illyricum

246 2600 458 2679 proficiscitur,
489 2601 570 2676 quod
599 2621 617 2658 a
644 2600 776 2659 Pirustis
798 2599 957 2658 finitimam
984 2606 1103 2677 partem
1130 2600 1261 2677 provin-¹

247 2686 301 2745 ciae
323 2686 546 2746 incursionibus
568 2687 684 2746 1111111
712 2686 865 2745 audiebat.
916 2686 962 2743 Eo
991 2705 1085 2761 quum
1106 2685 1252 2758 venisset,

169 2806 173 2815 ι
247 2772 422 2832 civitatibus
456 2772 568 2830 milites
596 2772 728 2849 imperat
756 2779 932 2847 certumque
960 2772 992 2829 in
1019 2772 1120 2830 locum
1143 2791 1252 2830 conve-

245 2857 311 2917 nire
329 2857 429 2934 jubet.
483 2856 551 2929 Qua
578 2878 612 2916 re
639 2858 781 2917 nuntiata
806 2858 938 2916 Pirustae
974 2857 1093 2934 legatos
1122 2856 1162 2915 ad
1185 2877 1254 2915 eum

245 2943 378 3018 11111111,
403 2943 454 3018 qui
478 2943 608 3001 doceant
629 2943 704 3001 nihil
725 2964 830 3002 earum
857 2964 960 3002 rerum
986 2944 1110 3020 publico
1137 2942 1254 3001 factum

246 3028 389 3103 consili0‚
430 3047 560 3103 seseque
592 3036 718 3107 paratos
760 3049 829 3087 esse
868 3029 1079 3087 demonstrant
1113 3028 1254 3086 omnibus

245 3114 414 3172 rationibus
454 3113 492 3171 de
529 3113 649 3190 injuriis
682 3113 872 3173 satisfacere.
928 3114 1080 3190 Percepta
1118 3114 1253 3171 oratione

247 3218 351 3258 eorum
380 3196 484 3258 Caesar
513 3198 635 3258 obsides
663 3200 794 3276 imperat
827 3218 941 3273 eosque
970 3198 1009 3256 ad
1037 3203 1152 3256 certam
1175 3198 1255 3255 diem

247 3283 358 3342 adduci
376 3284 480 3360 jubet3
504 3284 563 3342 nisi
585 3285 629 3343 ita
651 3283 792 3359 feceriut,
816 3303 885 3343 sese
907 3283 987 3342 bello
1007 3282 1163 3342 civitatem
1184 3304 1253 3360 per-

246 3378 423 3428 secutmum
445 3369 644 3429 demonstrat.
679 3370 724 3429 Iis
748 3369 787 3428 ad
816 3368 896 3427 diem
919 3368 1070 3441 adductis,
1104 3375 1140 3426 ut
1159 3368 1253 3446 impe-

244 3462 377 3530 raverat,
401 3454 533 3514 arbitros
555 3455 634 3514 inter
657 3456 799 3515 civitates
822 3453 884 3530 dat,
909 3454 961 3530 qui
988 3454 1074 3512 litem
1103 3454 1255 3513 aestiment

245 3546 429 3617 poenamque
453 3541 649 3599 constituant.

332 3624 377 3683 Π.
430 3625 489 3684 Η11
519 3626 668 3686 confectis
697 3626 791 3684 rebus
825 3626 1087 3699 conventibusque
1121 3625 1255 3702 peractis

245 3710 277 3767 in
300 3710 472 3769 citeriorem
502 3711 634 3770 Galliam
662 3712 827 3771 revertitur
856 3718 948 3786 atque
974 3710 1046 3769 inde
1074 3709 1114 3768 ad
1141 3709 1254 3768 exerci-

245 3802 312 3853 tum
323 3795 538 3873 proficiscitur.
574 3796 620 3856 Eo
640 3816 733 3872 quum
754 3798 901 3871 venisset,
925 3794 1092 3855 circumitis
1115 3794 1255 3852 omnibus

245 3880 382 3941 hibernis
406 3881 554 3959 singular-i
575 3883 705 3941 militum
727 3882 829 3941 studio
852 3882 884 3939 in
913 3900 1033 3941 summa
1054 3879 1187 3938 omnium
1208 3899 1255 3936 re-

245 3985 314 4023 rum
342 3966 445 4045 inopia
473 3968 593 4026 circiter
623 3966 679 4027 Do
703 3966 771 4043 ejus
793 3966 925 4045 generis,
964 3965 1052 4042 cujus
1081 3983 1174 4041 supra
1204 3964 1254 4021 de-

243 4053 492 4128 monstravimus,
515 4072 611 4115 naves
635 4060 666 4113 11
687 4052 796 4129 longas
813 4051 962 4111 XXVIH
983 4048 1100 4109 11111111
1122 4049 1254 4107 1111111-
1330 4065 1332 4069 ·
