2967 4609
239 368 301 426 125
481 315 487 322 ’
553 359 606 411 nn
624 357 752 411 nmio
770 356 941 411 eunuco

236 570 299 615 tem
320 555 380 613 loci
401 553 529 626 videret,
557 567 683 629 par-atos
714 573 811 629 prope
844 571 932 626 aequo
957 552 1059 610 Marte
1085 552 1126 609 ad
1152 553 1238 610 dimi·

236 640 368 701 candum
389 639 588 707 existimaret,
611 639 663 713 qui
684 639 875 712 iniquitatem
903 637 1091 695 condicionis
1121 638 1238 716 perspi·

236 739 330 795 reret,
353 725 435 782 inani
456 724 650 782 simulatione
672 743 743 781 sese
765 735 921 781 ostentare
943 733 1152 798 cognosceret
1185 723 1237 781 In·

237 812 400 888 dignantes
421 810 534 868 milites
555 808 671 869 Cesar,
693 809 776 884 quod
798 825 997 884 conspectum
1019 829 1109 866 suum
1129 809 1237 867 hostes

236 895 375 975 perferre
403 908 531 972 possent
563 895 683 951 tantulo
715 895 817 971 spatio
850 894 1030 968 interjecto.
1064 907 1095 952 et
1117 895 1238 970 signum

236 981 337 1061 proelii
362 995 565 1058 exposcentes
593 980 718 1047 edocet,
747 994 861 1054 quanto
891 979 1073 1037 detrimento
1106 989 1138 1037 et
1163 990 1239 1054 quot

236 1068 371 1126 virorum
402 1066 527 1124 fortium
559 1080 657 1123 morte
684 1085 812 1123 necesse
835 1065 875 1122 sit
898 1078 1040 1122 constare
1063 1065 1237 1125 victoriam:

235 1173 313 1229 quos
335 1173 429 1228 quum
450 1153 495 1210 sic
516 1153 616 1209 animo
637 1164 763 1227 paratos
775 1149 887 1208 videat.
911 1164 944 1207 ut
966 1150 1083 1207 nullum
1104 1171 1160 1227 pro
1182 1170 1239 1208 sua

235 1238 326 1297 laude
352 1238 522 1316 periculum
551 1251 702 1294 recusent.
737 1255 861 1292 summae
897 1255 931 1293 se
964 1237 1132 1310 iniquitatis
1166 1256 1237 1293 con-

235 1323 373 1382 demnari
405 1323 528 1384 debere,
561 1323 620 1379 nisi
653 1342 756 1379 eorum
786 1321 881 1378 vitam
915 1342 970 1379 sua
999 1321 1098 1379 salute
1125 1322 1239 1379 habeat

236 1409 393 1467 cariorem
439 1407 490 1465 Sic
512 1408 625 1464 milites
646 1408 822 1464 consolatus
845 1407 951 1464 eodem
980 1407 1029 1463 die
1059 1407 1177 1465 reducit
1206 1407 1239 1464 in

236 1504 340 1552 castra
361 1493 547 1567 reliquaque,
582 1512 650 1568 quae
683 1492 723 1550 ad
758 1493 1015 1569 oppugnationem
1042 1493 1145 1570 oppidi
1168 1513 1238 1568 per-

236 1579 384 1652 tinebant,
407 1578 621 1636 administrare
642 1578 783 1636 instituit.

320 1664 395 1722 XX.
441 1664 674 1740 Vercingetorix
696 1683 790 1738 quum
813 1664 851 1720 ad
874 1683 947 1720 suos
970 1663 1110 1720 redisset.
1133 1663 1236 1739 prodi-

236 1750 330 1808 tionis
352 1750 554 1820 insimulatus,
578 1750 662 1824 quod
682 1764 786 1807 castra
806 1750 934 1826 propius
946 1749 1101 1806 Romanos
1124 1749 1237 1806 movis-

234 1849 293 1909 set,
316 1835 398 1910 quod
420 1855 490 1893 cum
511 1837 591 1892 omni
614 1836 750 1909 equitatu
774 1835 978 1903 discessisset,
1001 1833 1082 1909 quod
1100 1835 1165 1892 sinc
1182 1835 1237 1891 im·

237 1922 323 1999 perio
346 1929 448 1979 tantas
471 1922 575 1998 copias
597 1922 782 1995 reliquisset,
806 1920 887 1995 quod
916 1921 984 1996 ejus
1013 1920 1152 1978 discessu
1174 1919 1237 1977 Ro·

234 2007 315 2064 mani
348 2015 434 2063 tanta
466 2007 694 2083 opportunitate
723 2021 754 2064 et
788 2006 945 2063 celeritate
975 2007 1147 2064 venisseut:
1177 2025 1237 2062 non

237 2091 426 2150 haecomnia
448 2090 573 2149 fortuito
596 2101 650 2149 aut
672 2092 739 2149 sine
767 2091 893 2150 consilio
923 2090 1062 2149 accidere
1089 2091 1237 2167 potuisse,

237 2196 362 2252 regnum
384 2176 471 2234 illum
494 2176 603 2234 Galliae
625 2177 716 2234 malle
738 2177 871 2234 Caesaiis
894 2196 1051 2244 concessu,
1081 2197 1172 2250 quam
1193 2176 1238 2252 ip·

240 2281 343 2320 sorum
375 2262 488 2320 habere
517 2261 675 2336 beneficio,
709 2263 763 2320 tali
796 2262 885 2320 modo
919 2270 1082 2320 accusatus
1110 2262 1148 2319 ad
1171 2262 1238 2318 haec

237 2347 409 2425 respondit:
433 2346 523 2417 Quod
545 2358 648 2407 castm
669 2349 830 2420 movisset,
859 2347 977 2405 factum
1005 2348 1107 2424 inopia
1135 2347 1239 2424 pabuli

238 2434 330 2491 etiam
346 2433 422 2510 ipsis
438 2433 647 2492 hortantibus:
670 2433 752 2508 quod
774 2434 902 2511 propius
918 2433 1074 2492 Romanos
1092 2432 1239 2492 accessis·

239 2530 296 2591 set,
319 2537 502 2596 perevasum
522 2519 583 2578 loci
604 2521 842 2597 opportunitate,
873 2520 925 2593 qui
953 2539 987 2576 se
1015 2519 1116 2595 ipsum
1143 2519 1240 2575 muni-

238 2604 321 2662 tione
343 2603 523 2663 defenderet
530 2625 539 2677 ς
568 2606 703 2680 equitum
731 2625 805 2663 vero
835 2621 958 2681 operam
985 2624 1084 2678 neque
1113 2605 1144 2661 in
1173 2603 1242 2660 loco

238 2688 369 2766 palustri
390 2688 559 2748 desiderari
581 2690 725 2749 debuisse
756 2698 787 2748 et
819 2690 881 2747 illic
912 2689 1008 2747 fuisse
1036 2690 1156 2762 utilem,
1180 2709 1240 2763 quo

239 2773 302 2831 sint
322 2773 469 2851 profecti;
493 2794 640 2833 summam
661 2776 782 2852 imperii
810 2795 843 2833 se
873 2774 1010 2834 consulto
1040 2775 1114 2832 nulli
1143 2775 1241 2832 disce·

240 2857 364 2916 dentem
385 2858 559 2934 tradidisse,
595 2880 633 2919 ne
666 2862 693 2919 is
721 2860 927 2920 multitudinis
956 2861 1057 2918 studio
1087 2859 1127 2918 ad
1155 2859 1242 2916 dimi-

240 2942 370 3001 candum
402 2944 618 3021 impelleretur,
652 2948 701 3004 cui
734 2948 780 3004 rei
812 2959 937 3023 propter
965 2946 1058 3006 animi
1084 2945 1241 3003 mollitiem

240 3027 363 3088 studere
387 3049 491 3088 omnes
514 3030 641 3105 videret,
665 3031 748 3107 quod
770 3032 884 3090 diutius
906 3032 1042 3090 laborem
1071 3029 1152 3089 ferre
1178 3049 1243 3087 nou

240 3124 376 3191 possent.
421 3115 552 3174 Romani
574 3118 602 3175 si
624 3137 699 3175 casu
719 3117 949 3190 intervenerint,
973 3115 1113 3189 fortunae,
1137 3117 1165 3173 si
1188 3115 1241 3172 ali-

241 3199 329 3273 cujus
351 3200 462 3259 indicio
485 3203 597 3275 vocati,
620 3203 691 3261 huic
720 3202 893 3261 habendam
921 3203 1065 3278 gratiam,
1101 3201 1183 3277 quod
1211 3207 1242 3258 et

240 3285 425 3362 paucitatem
447 3306 550 3346 eorum
573 3308 610 3345 ex
632 3289 699 3347 loco
722 3289 879 3365 superiore
910 3307 1095 3364 cognoscere
1123 3294 1155 3345 et
1182 3285 1242 3344 vir-

241 3377 337 3428 tutem
360 3370 518 3448 despicere
546 3373 710 3450 potuerint,
746 3374 796 3448 qui
827 3373 972 3432 dimicare
1000 3393 1061 3431 non
1090 3373 1157 3430 ausi
1179 3379 1242 3428 tur·

242 3454 322 3531 piter
344 3474 377 3512 se
398 3456 431 3513 iu
453 3463 555 3516 castra
576 3459 756 3536 receperint.
801 3459 969 3536 Imperium
991 3477 1026 3516 se
1049 3460 1087 3516 ab
1119 3456 1243 3515 Caesare

241 3559 296 3617 per
317 3539 518 3616 proditionem
540 3544 657 3601 nullum
680 3544 864 3618 desiderare,
894 3543 976 3619 quod
1005 3543 1119 3601 habere
1147 3542 1243 3601 victo-

242 3625 287 3683 rie
308 3633 423 3702 posset,
458 3646 526 3701 quae
556 3628 622 3704 jam
655 3638 739 3688 esset
768 3630 827 3688 sibi
857 3636 949 3704 atque
983 3630 1122 3686 omnibus
1146 3626 1244 3686 Gallis

242 3710 415 3787 explorata3
440 3712 513 3786 quin
536 3715 627 3772 etiam
649 3715 726 3792 ipsis
748 3716 913 3788 remittere,
938 3715 965 3772 si
988 3715 1046 3772 sibi
1068 3715 1168 3790 magis
1190 3713 1244 3770 ho·

241 3815 345 3855 norem
368 3797 511 3873 tribuere,
535 3818 626 3873 quam
649 3801 687 3858 ab
710 3820 745 3859 se
767 3801 899 3859 salutem
916 3800 1054 3876 accipere
1071 3799 1242 3858 videantur.

242 3880 318 3939 Haec
341 3888 375 3939 ut
401 3882 588 3959 intelligatis,
622 3885 729 3959 inquit,
765 3907 783 3944 a
816 3905 863 3943 me
897 3886 1016 3944 sincere
1043 3881 1244 3962 pronuntiari,

244 3963 345 4024 audite
368 3965 522 4025 Romanos
544 3968 665 4027 milites.
709 3969 857 4028 Producit
879 3989 1001 4042 servos,
1032 3989 1109 4044 quos
1137 3969 1169 4027 in
1191 3988 1244 4044 pa-

244 4047 398 4108 bulatione
420 4052 526 4125 paucis
550 4059 620 4111 ante
643 4054 750 4112 diebus
782 4063 944 4132 exceperat
973 4062 1003 4112 et
1030 4053 1111 4114 fame
1139 4055 1244 4112 vincu—
