2967 4609
283 374 344 432 148
596 366 648 419 00
666 363 793 418 eunuc
813 355 981 419 0000100

282 561 457 636 territisque
480 562 634 635 hostibus,
658 559 740 636 quod
768 560 919 636 equitatu,
950 579 1009 637 qua
1036 559 1165 618 maxime
1192 565 1279 636 parte

282 647 434 706 exercitus
457 646 659 737 confidebant,
683 653 771 706 erant
787 646 877 724 pulsi,
898 645 1075 705 adhortatus
1096 644 1135 703 ad
1145 645 1280 703 laborem

281 733 392 792 milites
416 733 646 793 circumvallare
667 732 808 808 instituit
1251 755 1254 760 ·

366 818 486 878 LXIX.
532 819 639 896 Ipsum
656 825 723 877 erat
740 817 884 896 oppidum
896 816 1001 876 Alesia
1017 817 1049 874 in
1067 817 1143 875 colle
1163 835 1279 874 summo

282 903 445 963 admodum
478 903 559 963 edito
588 905 664 977 loco,
698 911 733 963 ut
761 904 820 962 nisi
851 902 1008 961 obsidione
1032 901 1198 980 expugnari
1219 921 1281 960 non

280 1008 373 1068 posse
394 989 557 1050 videretur.
610 989 705 1066 Cujus
739 989 825 1048 collis
858 988 978 1048 radices
1007 987 1066 1046 duo
1096 987 1214 1046 duabus
1244 1008 1282 1047 ex

279 1076 419 1152 partibus
441 1075 565 1135 flumina
587 1077 778 1134 subluebant.
820 1075 901 1134 Ante
918 1073 950 1131 id
972 1073 1116 1152 oppidum
1137 1073 1281 1151 planities

282 1161 403 1220 circiter
413 1162 497 1220 milia
507 1180 654 1239 passuum
664 1162 718 1219 HI
729 1162 761 1219 in
772 1159 990 1238 longitudinem
1001 1160 1141 1236 patebat3
1154 1157 1280 1233 reliquis

283 1267 320 1304 ex
350 1248 489 1309 omnibus
511 1247 652 1324 partibus
677 1247 786 1323 colles,
818 1245 962 1305 mediocri
984 1244 1143 1320 interjecto
1172 1245 1281 1323 spatio,

192 1354 194 1358 ’
280 1331 348 1409 pari
370 1332 539 1403 altitudinis
560 1332 685 1409 fastigio
708 1331 853 1411 oppidum
875 1332 1046 1408 cingebant.
1098 1330 1160 1390 Sub
1183 1350 1280 1406 muro,

282 1437 350 1495 0000
361 1438 434 1495 pars
446 1419 532 1477 001110
545 1419 584 1477 ad
600 1419 747 1478 orientem
765 1418 859 1476 solem
877 1418 1046 1495 spectabat,
1065 1416 1146 1474 huno
1163 1436 1282 1476 omnem

281 1503 381 1562 locum
404 1504 499 1582 copiae
523 1504 680 1563 Gallorum
692 1504 920 1582 compleverant
936 1502 1111 1577 fossamque
1134 1508 1165 1561 01
1181 1522 1280 1561 mace-

281 1588 359 1647 riam
392 1609 446 1649 sex
479 1590 511 1648 in
545 1591 735 1649 altitudinem
774 1589 886 1667 pedum
923 1588 1147 1666 praeduxerant.
1202 1586 1281 1664 Ejus

281 1675 466 1752 munitionis,
489 1696 557 1751 quae
580 1677 618 1734 ab
637 1676 784 1735 Romanis
811 1675 1036 1749 instituebatur,
1066 1673 1210 1732 circuitus
1230 1673 1283 1732 XI

279 1760 364 1818 milia
384 1781 531 1838 passuum
560 1763 693 1821 tenebat.
747 1761 856 1820 Castra
884 1760 1062 1838 opportunis
1090 1760 1166 1819 locis
1196 1765 1283 1818 erant

280 1846 382 1923 posita
407 1848 512 1923 ibique
540 1847 667 1907 castella
688 1847 807 1906 XXIII
829 1845 927 1920 facta,
958 1846 1067 1920 quibus
1089 1845 1121 1903 in
1149 1845 1282 1904 castellis

281 1932 414 1992 interdiu
447 1935 596 1992 stationes
631 1934 898 2011 disponebantur„
913 1951 952 1990 00
975 1952 1035 2009 000
1068 1931 1169 1990 001110
1193 1951 1282 2009 erup·

280 2016 323 2074 tio
356 2015 458 2092 fieret3
497 2020 564 2078 haec
598 2019 703 2078 eadem
732 2026 825 2078 noctu
859 2017 1085 2076 excubitoribus
1119 2037 1155 2076 ac
1187 2015 1282 2076 firmis

281 2103 435 2178 praesidiis
458 2106 648 2163 tenebantur.
1041 2177 1042 2182 η

367 2189 469 2247 LXX.
515 2189 614 2268 Opere
636 2191 775 2249 instituto
797 2189 833 2247 fit
855 2196 996 2265 equestre
1024 2189 1165 2267 proeliurn
1194 2187 1225 2246 in
1248 2207 1284 2248 ea

281 2272 418 2350 planitie,
442 2295 532 2351 quam
554 2275 760 2334 intermissam
789 2275 917 2335 collibus
945 2274 999 2333 III
1026 2274 1109 2334 milia
1136 2292 1283 2352 passuum

282 2359 314 2416 in
335 2359 556 2437 longitudinem
578 2368 684 2439 patere
708 2382 801 2440 supra
823 2361 1107 2420 demonstravimus.
1161 2359 1283 2418 Summa

282 2445 314 2505 vi
336 2446 374 2504 ab
397 2447 534 2523 utrisque
558 2447 758 2507 contenditur.
804 2441 1032 2506 Laborantibus
1053 2445 1166 2504 nostris
1180 2443 1284 2504 Caesar

284 2529 452 2592 Germanos
482 2534 643 2592 summittit
670 2534 867 2611 legionesque
898 2552 953 2609 pro
982 2531 1092 2590 castris
1126 2531 1284 2590 constituit

282 2612 332 2688 [00
355 2637 415 2692 000
437 2620 538 2678 001110
560 2619 687 2697 irruptio
711 2621 748 2678 ab
761 2619 894 2678 hostium
915 2617 1054 2695 peditatu
1065 2615 1138 2689 11011.
1172 2616 1282 2675 Praesi·
1314 2625 1321 2634 “

283 2701 332 2760 dio
354 2702 508 2781 legionum
530 2705 633 2764 addito
655 2705 770 2764 nostris
793 2705 910 2764 animus
940 2710 1083 2780 augetur;
1118 2703 1222 2762 hostes
1251 2703 1283 2760 in

283 2785 391 2863 fugam
434 2790 565 2866 conjecti
604 2810 638 2849 00
670 2791 730 2868 1001
763 2789 956 2848 multitudine
988 2788 1156 2867 impediunt
1191 2794 1283 2863 atque

283 2874 510 2948 angustioribus
520 2876 618 2953 portis
629 2868 744 2935 relictis
761 2881 987 2935 coacervantur.
1023 2873 1166 2934 Germani
1183 2874 1283 2932 acrius

229 2992 231 2995 -
283 2960 627 3032 usqueadmunitiones
639 2968 815 3037 sequuntur.
849 2960 901 3019 Fit
923 2981 1033 3038 magna
1056 2959 1165 3019 caedes.
1199 2958 1281 3019 Non·

282 3043 358 3102 nulli
389 3046 504 3106 relictis
538 3048 624 3123 equis
656 3046 773 3107 fossam
805 3047 935 3106 transire
964 3053 995 3105 01
1016 3046 1179 3106 maceriam
1199 3051 1282 3104 tran-

282 3130 430 3191 scendere
452 3140 608 3192 conantur.
657 3134 786 3192 Paulum
814 3133 949 3210 legiones
973 3130 1092 3206 Caesar,
1122 3150 1198 3206 quas
1226 3151 1282 3208 pro

283 3216 363 3275 vallo
391 3219 600 3294 constituerat,
633 3219 805 3296 promoveri
830 3217 928 3294 jubet.
983 3217 1053 3277 Non
1086 3217 1200 3290 minus,
1230 3217 1283 3291 qui

283 3301 364 3360 intra
384 3304 567 3364 munitiones
590 3313 686 3380 erant,
710 3297 928 3384 perturbantur
952 3304 1046 3379 Galli;
1071 3302 1167 3363 veniri
1190 3301 1229 3359 ad
1248 3320 1282 3360 se

284 3386 447 3447 confestim
479 3391 688 3450 existimantes
722 3391 761 3450 ad
791 3411 874 3450 arma
906 3390 1112 3462 conclamant;
1147 3387 1282 3446 nonnulli

283 3474 438 3548 perterriti
466 3475 497 3533 in
531 3477 676 3554 oppidum
707 3477 886 3553 irrumpunt.
943 3475 1175 3552 Vercingetorix
1193 3473 1283 3549 jubet

283 3565 390 3635 portas
419 3560 535 3633 claudi,
565 3582 603 3621 ne
637 3570 739 3622 castra
771 3561 932 3620 nudentur.
974 3561 1080 3619 Multis
1101 3557 1281 3632 interfectis,

213 3686 216 3689 x
284 3644 490 3722 compluribus
513 3648 599 3722 00010
621 3649 719 3726 000110
744 3648 887 3708 Germani
911 3667 979 3706 0000
1001 3646 1160 3724 recipiunt.

326 3729 446 3789 LXXI.
506 3733 753 3810 Vercingetorix,
793 3733 971 3811 priusquam
1015 3732 1197 3791 munitiones
1244 3729 1281 3788 ab

283 3814 429 3876 Romanis
462 3817 673 3895 perficiantur,
715 3819 874 3878 consilium
908 3819 990 3898 capit
1023 3837 1142 3877 omnem
1176 3817 1213 3876 ab
1249 3833 1282 3874 se

284 3901 452 3974 equitatum
472 3909 564 3962 noctu
588 3903 750 3964 dimittere.
800 3903 1037 3964 Discedentibus
1071 3902 1209 3976 mandat,
1248 3907 1284 3960 ut

286 4002 374 4043 suam
396 3988 525 4063 quisque
548 4008 652 4048 eorum
663 3989 820 4049 civitatem
842 3989 933 4049 adeat
956 4008 1130 4065 omnesque,
1154 3987 1206 4063 qui
1228 4005 1284 4064 per

286 4075 408 4129 aetatem
430 4091 514 4132 arma
535 4072 617 4133 ferre
639 4075 775 4152 possint,
810 4075 850 4134 ad
877 4074 991 4134 bellum
1019 4082 1144 4152 cogant,
1174 4092 1230 4132 sua
1252 4071 1289 4130 in.
