2967 4609
552 313 554 319 ’
614 340 775 396 11111111.
1171 315 1211 410 Π

179 537 321 597 Rhenum
348 534 479 594 transire
508 542 538 594 et
565 536 597 595 in
620 535 751 602 Galliam
778 557 918 613 magnam
947 557 1050 596 eorum
1076 540 1210 597 multitu·
1263 537 1265 540 ’

180 624 282 681 dinem
312 622 415 681 venire
445 622 557 699 populo
587 622 724 682 Romano
753 623 957 701 periculosum
986 623 1125 699 videbat;
1159 646 1210 684 ne·

180 728 240 784 que
274 707 333 767 sibi
365 708 502 767 homines
536 706 620 767 feros
655 728 690 767 ac
719 710 868 767 barbaros
896 717 1119 787 temperaturos
1149 713 1210 770 exi-

181 794 341 867 stimabat,
372 794 459 869 quin,
486 814 584 868 ‚quum
606 814 725 853 omnem
748 794 877 853 Galliam
900 796 1148 872 occupavissent,
1177 805 1212 855 ut

181 888 252 939 ante
276 878 390 938 Cimbri
412 880 601 955 Teutonique
630 879 792 956 fecissent,
820 880 852 939 in
878 881 1067 958 provinciam
1094 883 1212 943 exirent
1302 901 1305 906 ·

182 973 275 1042 atque
313 965 384 1024 inde
421 966 454 1024 111
486 966 609 1025 Italiam
642 966 877 1041 contenderent,
916 968 1086 1044 praesertim
1119 989 1211 1043 quum

182 1053 339 1127 Sequanos
374 1073 392 1110 a
424 1052 581 1129 provincia
614 1058 720 1111 nostra
749 1052 917 1120 Rhodanus
946 1052 1110 1129 divideret;
1145 1055 1210 1130 qui-

180 1140 240 1197 bus
268 1139 359 1196 rebus
389 1158 478 1213 quam
507 1138 681 1196 maturrime
710 1138 929 1197 occurrendum
956 1140 1092 1215 putabat.
1137 1140 1211 1217 Ipse

181 1230 284 1283 autem
313 1222 487 1284 Ariovistus
521 1230 624 1282 tantos
658 1224 717 1282 sibi
747 1224 888 1301 spiritus,
922 1231 1038 1283 tantam
1067 1246 1210 1303 arrogan-

180 1310 256 1369 tiam
278 1316 458 1387 sumpserat,
481 1316 516 1368 ut
538 1308 682 1368 ferendus
704 1330 765 1368 non
787 1309 950 1369 videretur.

267 1395 421 1455 XXXIV.
468 1394 669 1466 Quamobrem
696 1396 812 1473 placuit
834 1397 876 1470 ei,
905 1403 939 1454 11
962 1396 1002 1455 ad
1021 1396 1211 1457 Ariovistum

180 1482 300 1559 legatos
327 1480 477 1557 mitteret,
512 1481 564 1556 qui
587 1482 625 1539 ab
649 1500 683 1540 ec
706 1482 912 1559 postularent,
946 1483 992 1541 uti
1015 1483 1146 1559 aliquem
1167 1484 1210 1543 lo-

181 1588 250 1627 cum
282 1567 413 1627 medium
446 1566 604 1642 utriusque
639 1568 788 1642 colloquio
822 1568 984 1644 deligeret:
1029 1570 1109 1628 velle
1142 1589 1210 1629 sese

181 1653 221 1711 de
247 1674 281 1712 re
308 1653 439 1731 publica¹
460 1660 491 1711 et
518 1653 642 1711 summis
665 1653 823 1728 utriusque
844 1655 937 1711 rebus
960 1674 1028 1711 eum
1051 1674 1086 1713 eo
1109 1676 1209 1732 agere.

179 1740 221 1797 Ei
247 1739 392 1816 legationi
419 1738 594 1799 Ariovistus
623 1738 795 1816 respondit:
841 1738 874 1796 si
903 1738 977 1814 quid
1006 1739 1066 1816 ipsi
1094 1761 1112 1797 a
1144 1740 1209 1799 an-

180 1844 251 1884 sare
289 1844 365 1904 opus
405 1831 501 1899 esset,
547 1844 616 1883 sese
655 1825 694 1883 ad
733 1844 802 1882 eum
835 1830 995 1885 venturum
1027 1823 1137 1900 fuisse3
1183 1828 1210 1885 si

181 1910 257 1986 quid
283 1911 334 1969 ille
365 1930 398 1969 se
429 1910 516 1987 velit,
552 1910 636 1968 illum
666 1910 706 1969 ad
734 1930 768 1969 se
797 1911 902 1969 venire
932 1917 1081 1988 oportere.
1126 1912 1209 1970 Prae-

178 2004 265 2055 terea
309 2017 342 2056 se
386 2016 483 2072 neque
524 1996 589 2055 sine
628 1997 765 2056 exercitu
802 1996 834 2054 in
872 2015 924 2055 eas
962 1993 1067 2074 partes
1101 1997 1209 2057 Galliae

178 2082 286 2141 venire
325 2082 453 2158 audere,
498 2101 575 2158 quas
616 2081 721 2141 Caesar
759 2082 944 2160 possideret,
988 2102 1087 2157 neque
1126 2104 1210 2143 exer-

180 2168 276 2227 citum
305 2168 370 2227 sine
398 2189 507 2245 magno
539 2176 708 2228 commeatu
737 2175 828 2243 atque
858 2168 1030 2227 molimento
1059 2170 1090 2227 in
1117 2191 1211 2229 unum

179 2254 280 2313 locum
310 2254 488 2315 contrahere
515 2273 623 2331 posse,
659 2255 718 2314 sibi
741 2261 842 2313 autem
863 2256 971 2313 mirum
993 2254 1105 2330 videri,
1137 2256 1210 2330 quid

179 2341 212 2399 in
242 2360 298 2399 sua
321 2340 435 2415 Gallia,
468 2360 557 2416 quam
583 2340 664 2399 bello
687 2340 816 2400 vicisset
823 2386 830 2415 ,
861 2347 913 2399 aut
935 2340 1051 2399 Caesari
1073 2347 1126 2399 aut
1148 2362 1209 2399 om-

178 2426 252 2485 nino
275 2426 386 2505 populo
409 2426 546 2485 Romano
569 2426 684 2503 negotii
706 2433 797 2485 esset.

267 2503 410 2571 XXXV.'
447 2512 505 2571 His
534 2513 691 2589 responsis
719 2512 759 2570 ad
791 2510 942 2569 Gaesarem
969 2510 1072 2569 relatis
1100 2511 1210 2570 iterum

180 2598 222 2656 ad
252 2616 318 2655 eum
348 2597 451 2656 Caesar
480 2599 599 2674 legatos
629 2618 697 2656 cum
723 2598 771 2655 his
789 2596 949 2655 mandatis
977 2596 1082 2655 mittit:
1128 2595 1208 2667 Quo·
1309 2618 1311 2622 ¹

180 2684 263 2743 niam
301 2690 384 2743 tauto
425 2703 478 2743 suc
518 2683 682 2761 populique
715 2683 846 2742 Romani
883 2681 1030 2741 beneficio
1068 2681 1208 2758 affectus,

180 2789 275 2845 quum
312 2770 344 2828 in
383 2770 543 2828 consulatu
583 2788 637 2828 suo
675 2789 731 2829 rex
771 2776 860 2844 atque
899 2768 1013 2827 amicus
1051 2790 1069 2827 a
1101 2776 1210 2828 senatu

181 2855 353 2933 appellatus
393 2863 490 2930 esset,
535 2856 613 2913 hano
658 2855 717 2914 sibi
754 2855 927 2933 populoque
964 2855 1101 2913 Romano
1140 2877 1209 2931 gra-
1274 2889 1277 2895 ,

180 2942 256 2999 tiam
287 2940 431 3016 referret,
476 2948 510 2999 ut
542 2942 574 2999 in
608 2942 792 3016 colloquium
823 2941 927 3000 venire
959 2940 1106 2999 invitatus
1139 2962 1208 3017 gra-

179 3034 305 3085 varetur
335 3048 435 3103 neque
469 3026 507 3086 de
541 3028 690 3085 communi
722 3047 756 3085 re
789 3026 950 3085 dicendum
983 3026 1041 3084 sibi
1075 3033 1105 3084 et
1138 3046 1208 3103 cog-

179 3112 367 3171 noscendum
401 3120 538 3191 putaret,
573 3113 639 3171 haec
674 3132 758 3188 esse,
792 3132 860 3187 quae
889 3113 927 3170 ab
957 3131 992 3170 eo
1022 3112 1206 3188 postularet:

179 3198 324 3275 primum,
380 3218 418 3257 ne
469 3220 558 3274 quam
606 3199 830 3257 multitudinem
878 3197 1031 3255 hominum
1079 3197 1208 3273 amplius

179 3292 267 3343 trans
299 3285 439 3343 Rhenum
471 3286 502 3342 in
538 3284 668 3343 Galliam
702 3284 891 3357 traduceret;
932 3282 1041 3341 deinde
1075 3282 1207 3358 obsideS,

181 3390 258 3444 quos
296 3370 423 3429 haberet
462 3372 499 3430 ab
533 3370 677 3445 Haeduis,
722 3369 865 3429 redderet
898 3368 1107 3443 Sequanisque
1139 3389 1208 3446 per·
1271 3363 1273 3366 ¹

179 3456 329 3529 mitteret,
369 3463 418 3531 ut,
459 3467 542 3532 quos'
568 3456 612 3514 illi
646 3456 808 3529 haberent,
849 3455 1005 3515 voluntate
1039 3453 1106 3530 ejus
1139 3455 1208 3513 red-

180 3540 253 3599 dere
296 3541 357 3600 illis
401 3542 523 3617 liceret,
575 3562 653 3602 neve
697 3541 834 3600 Haeduos
877 3539 990 3617 injuria
1032 3540 1207 3614 lacesseret,

179 3646 259 3686 neve
297 3626 345 3685 his
385 3628 516 3687 sociisve
550 3648 653 3686 eorum
685 3628 800 3687 bellum
831 3624 967 3685 inferret.
1035 3626 1068 3684 Si
1099 3626 1133 3685 id
1164 3626 1207 3685 ita

178 3711 320 3789 fecisset,
367 3713 426 3771 sibi
469 3714 641 3791 populoque
680 3714 817 3772 Romano
861 3718 1039 3789 perpetuam
1078 3712 1208 3787 gratiam

178 3804 270 3873 atque
305 3798 467 3857 amicitiam
501 3820 569 3857 cum
602 3819 637 3857 eo
670 3798 818 3872 futuram3
863 3798 891 3857 si
928 3818 989 3857 non
1020 3798 1205 3873 impetraret,

180 3902 264 3959 sese,
317 3884 458 3960 quoniam
501 3884 543 3943 M.
589 3884 738 3959 Messala,
789 3883 838 3962 M.v
875 3884 987 3942 Pisone
1032 3882 1207 3940 consulibus

110 4018 115 4031 .
177 3977 304 4029 senatus
350 3970 534 4045 censuisset,
585 3971 645 4047 uti,
696 3970 866 4045 quicunque
910 3968 1042 4028 Galliam
1084 3967 1206 4043 provin-

176 4055 257 4114 ciam
301 4056 465 4131 obtineret,
518 4056 611 4131 quod
644 4056 799 4115 commodo
842 4054 888 4113 rei
930 4053 1062 4131 publicae
1105 4051 1208 4112 facere

984 4150 1001 4203 2
