2967 4609
1286 356 1526 409 LIBER
1562 357 1629 411 V.
2373 364 2452 420 93

451 551 662 610 Sabini
708 558 771 608 et
815 549 983 608 caede
1030 549 1367 608 cohortium
1406 552 1669 626 cognita,
1719 570 1902 626 quum
1939 569 2146 609 omnes
2195 549 2273 608 ad
2319 569 2455 608 eum

451 636 842 696 Trevirorum
888 635 1079 712 copiae
1125 635 1459 711 venissent,
1507 636 1769 706 veritus,
1827 634 1882 693 si
1937 655 2012 693 ex
2057 634 2324 694 hibernis
2360 634 2453 693 fu-

450 741 545 798 gae
592 720 850 780 similem
890 718 1335 797 profectionem
1378 720 1663 795 fecisset,
1733 728 1800 779 ut
1854 721 2122 779 hostium
2164 721 2456 797 impetum

454 807 755 866 sustinere
798 813 1028 883 posset,
1076 806 1416 882 praesertim
1461 825 1614 881 quos
1659 805 1891 865 recenti
1934 805 2190 865 victoria
2249 804 2455 864 efferri

452 893 657 966 sciret,
704 891 941 950 litteras
990 889 1218 949 Caesari
1260 891 1544 967 remittit,
1605 898 1829 966 quanto
1889 910 2024 949 cum
2057 890 2326 968 periculo
2372 891 2455 949 le-

450 978 691 1054 gionem
758 996 833 1034 ex
896 975 1166 1034 hibernis
1236 976 1568 1045 educturus
1637 984 1830 1049 esset;
1901 995 2029 1035 rem
2093 982 2331 1052 gestam
2393 976 2456 1034 in

450 1061 842 1121 Eburonibus
896 1061 1250 1139 perscribit;
1316 1061 1496 1121 docet
1575 1081 1784 1121 omnes
1858 1061 2165 1137 equitatus
2219 1061 2455 1138 pedita—

450 1155 671 1222 tusque
715 1147 921 1224 copias
966 1146 1354 1207 Trevirorum
1409 1147 1529 1205 tria
1585 1147 1752 1206 milia
1810 1167 2104 1226 passuum
2148 1147 2328 1223 longe
2377 1147 2452 1204 ab

452 1233 579 1292 suis
627 1233 845 1290 castris
892 1232 1262 1291 consedisse.

621 1317 928 1392 XLVIII.
1000 1316 1209 1376 Caesar
1245 1319 1496 1377 consilio
1532 1317 1666 1394 ejus
1705 1319 1982 1395 probato,
2021 1318 2135 1375 etsi
2175 1317 2455 1394 opinione

452 1403 635 1460 trium
678 1403 985 1479 legionum
1032 1402 1313 1479 dejectus
1361 1403 1439 1462 ad
1486 1403 1639 1461 duas
1683 1402 1969 1478 redierat,
2025 1409 2230 1461 tamen
2273 1422 2459 1460 unum

456 1488 788 1554 communis
836 1487 1051 1546 salutis
1098 1488 1387 1546 auxilium
1431 1490 1495 1546 in
1543 1489 1854 1547 celeritate
1899 1489 2183 1565 ponebat.
2275 1487 2459 1546 Venit

455 1574 693 1650 magnis
738 1572 1058 1632 itineribus
1114 1573 1177 1631 in
1222 1574 1589 1634 Nerviorum
1645 1573 1816 1632 fines.
1909 1573 2008 1631 Ibi
2068 1593 2142 1631 ex
2199 1572 2458 1650 captivis

458 1658 789 1735 cognoscit,
839 1678 973 1733 quae
1042 1658 1205 1735 apud
1252 1657 1605 1718 Ciceronem
1670 1665 1962 1735 gerantur
2008 1665 2351 1733 quantoque
2396 1659 2458 1715 in

455 1744 725 1820 periculo
769 1763 870 1802 res
918 1744 1013 1802 sit.
1107 1744 1262 1802 Tum
1310 1745 1550 1803 cuidam
1597 1764 1669 1802 ex
1717 1743 2024 1818 equitibus
2051 1743 2244 1801 Gallis
2289 1763 2456 1819 mag-

452 1829 548 1887 nis
591 1828 859 1907 praemiis
904 1829 1253 1906 persvadet,
1301 1830 1391 1888 uti
1436 1830 1516 1887 ad
1575 1829 1930 1888 Ciceronem
1976 1828 2294 1905 epistolam
2355 1827 2457 1885 de-

454 1913 628 1972 ferat.
698 1915 875 1973 Hanc
902 1915 1144 1974 Graecis·
1184 1915 1591 1992 conscriptam
1624 1914 1844 1973 litteris
1880 1914 2082 1986 mittit,
2129 1932 2225 1988 ne,
2271 1913 2456 1972 inter-

363 2051 378 2061 .
458 2007 632 2077 cepta
677 2000 953 2077 epistola,
999 2009 1212 2059 nostra
1253 2001 1333 2058 >ab
1378 2001 1658 2059 hostibus
1708 1999 1960 2058 consilia
1995 2005 2457 2075 cognoscantur.

457 2084 522 2142 Si
576 2085 743 2144 adire
796 2105 917 2143 non
970 2086 1185 2163 possit,
1243 2093 1466 2160 monet,
1526 2093 1593 2144 ut
1647 2085 1950 2162 tragulam
2009 2105 2144 2143 cum
2203 2084 2461 2161 epistola

456 2170 535 2228 ad
572 2177 876 2230 amentum
910 2171 1177 2247 deligata
1215 2171 1376 2230 intra
1408 2172 1804 2230 munitionem
1829 2177 2166 2229 castrorum
2192 2169 2456 2245 abjiciat.

454 2255 529 2313 In
573 2256 794 2316 litteris
841 2256 1054 2315 scribit
1111 2276 1178 2315 se
1224 2277 1361 2314 cum
1414 2256 1758 2332 legionibus
1803 2254 2146 2333 profectum
2184 2255 2463 2314 celeriter

456 2340 672 2414 affore3
720 2343 1017 2416 hortatur,
1063 2350 1131 2400 ut
1174 2342 1495 2418 pristinam
1540 2343 1830 2401 virtutem
1876 2341 2151 2399 retineat.
2246 2339 2459 2398 Gallus

455 2427 788 2503 periculum
832 2427 1086 2502 veritUS,
1158 2434 1225 2484 ut
1272 2435 1404 2485 erat
1448 2432 1844 2503 praeceptum,
1893 2425 2195 2500 tragulam
2253 2425 2456 2482 mittit.

456 2511 608 2570 Haec
655 2531 801 2570 casu
847 2512 925 2570 ad
969 2513 1187 2570 turrim
1226 2511 1487 2570 adhaesit
1520 2531 1718 2585 neque
1762 2512 1836 2568 ab
1873 2509 2099 2568 nostris
2123 2508 2308 2566 biduo
2336 2509 2460 2566 ani-

457 2597 779 2656 madversa
810 2597 989 2656 tertio
1027 2597 1125 2655 die
1164 2617 1200 2655 a
1239 2596 1500 2672 quodam
1534 2596 1725 2654 milite
1773 2593 2168 2673 conspicitur3
2219 2593 2464 2671 dempta

460 2682 535 2740 ad
581 2681 933 2741 Ciceronem
978 2681 1267 2741 defertur.
1359 2682 1475 2740 Ille
1520 2681 1853 2759 perlectam
1897 2680 1961 2738 in
2007 2686 2311 2740 conventu
2355 2680 2462 2736 mi-

458 2766 628 2825 litum
670 2769 887 2827 recitat
932 2768 1310 2843 maximaque
1357 2787 1564 2826 omnes
1609 2767 1822 2825 laetitia
1868 2764 2076 2824 afficit.
2166 2765 2324 2823 Tum
2369 2763 2462 2822 fu-

460 2853 540 2910 mi
582 2852 999 2912 incendiorum
1042 2853 1258 2931 procul
1301 2852 1686 2926 videbantur,
1736 2872 1870 2928 quae
1915 2871 2014 2910 res
2063 2870 2300 2910 omnem
2357 2850 2465 2908 du-

461 2937 813 2997 bitationem
859 2938 1159 2998 adventus
1203 2939 1510 3014 legionum
1557 2939 1804 3016 expulit.

630 3023 870 3082 XLIX.
944 3024 1105 3082 Galli
1127 3044 1194 3083 re
1219 3024 1462 3100 cognita
1483 3044 1595 3101 per
1635 3024 2054 3101 exploratores
2091 3020 2467 3080 obsidionem

460 3109 824 3183 relinquunt,
872 3109 950 3168 ad
996 3108 1302 3168 Caesarem
1338 3109 1616 3167 omnibus
1654 3109 1846 3185 copiis
1881 3105 2288 3179 contendunt3
2336 3106 2467 3164 haec

470 3201 641 3252 erant
687 3203 921 3253 armata
966 3195 1209 3253 circiter
1252 3194 1417 3252 milia
1462 3193 1598 3252 LX.
1704 3192 1914 3251 Cicero
1972 3191 2118 3249 data
2176 3189 2469 3248 facultate

471 3277 717 3338 Gallum
785 3281 860 3338 ab
923 3279 1136 3339 eodem
1179 3280 1528 3353 Verticone,
1575 3294 1782 3353 ’quem
1849 3296 2037 3353 supra
2093 3275 2468 3334 demonstra-

466 3363 679 3438 vimuS,
728 3365 973 3444 reperit,
1038 3365 1139 3440 qui
1194 3365 1432 3423 litteras
1495 3363 1572 3422 ad
1621 3361 1926 3422 Caesarem
1953 3380 1957 3383 ·
1983 3359 2247 3434 deferat;
2310 3361 2470 3419 hunc
2545 3405 2552 3409 -

467 3449 765 3525 admonet,
837 3449 953 3509 iter
991 3458 1187 3508 -caute
1245 3449 1688 3526 diligenterque
1745 3447 1960 3521 faciat3
2029 3446 2356 3525 perscribit
2408 3447 2472 3504 in

466 3534 685 3594 litteris
731 3535 940 3594 hostes
988 3536 1062 3593 ab
1111 3555 1178 3594 se
1206 3535 1568 3594 discessisse
1616 3553 1973 3608 omnemque
2019 3532 2097 3592 ad
2143 3553 2278 3592 eum
2320 3533 2470 3590 mul-

467 3619 792 3679 titudinem
861 3620 1257 3681 convertisse.
1374 3619 1608 3691 Quibus
1676 3619 1899 3678 litteris
1969 3618 2208 3677 circiter
2275 3617 2474 3696 media

466 3712 643 3765 nocte
705 3704 913 3764 Caesar
974 3706 1175 3764 allatis
1234 3725 1377 3764 suos
1432 3704 1582 3763 facit
1629 3705 1920 3763 certiores
1978 3723 2204 3778 eosque
2262 3701 2340 3760 ad
2385 3701 2473 3758 di·

346 3865 357 3874 ·
465 3789 812 3849 micandum
884 3791 1082 3849 animo
1152 3790 1482 3849 confirmat.
1564 3790 1852 3862 ,Postero
1922 3789 2021 3847 die
2086 3789 2223 3846 luce
2280 3786 2475 3863 prima

468 3883 673 3936 movet
730 3882 932 3935 castra
988 3885 1051 3935 et
1110 3877 1351 3934 circiter
1406 3875 1573 3934 milia
1628 3873 1928 3952 passuum
1972 3873 2067 3932 IV
2110 3889 2475 3948 progressus

468 3966 637 4020 trans
683 3962 906 4021 vallem
953 3958 1273 4038 [magnam]
1333 3968 1395 4020 et
1450 3961 1650 4020 rivum
1706 3958 2155 4018 multitudinem
2210 3956 2476 4014 hostium

472 4046 875 4124 conspicatur.
988 4047 1141 4105 Erat
1208 4046 1410 4123 magni
1474 4045 1730 4122 periculi
1798 4063 1898 4103 res
1972 4042 2224 4101 tantulis
2284 4041 2475 4118 copiis
