2967 4609
263 320 324 378 168
562 312 615 366 DE
632 311 760 366 BELLO
780 310 959 367 GALLIGO.

262 506 352 581 dinis,
376 514 457 566 esset
477 505 674 582 interfectus,
697 527 852 583 nunquam
874 508 952 566 enim
975 515 1114 567 senatum
1140 514 1257 566 tantum
1319 539 1322 545 Δ

260 592 292 650 in
315 592 438 651 civitate
459 592 512 652 illo
523 593 604 667 vivo,
628 601 774 669 quantum
789 593 960 672 imperitam
976 593 1098 671 plebem
1109 593 1254 671 potuisse.

319 698 321 701 ’
346 678 456 737 XXII.
501 679 578 738 Haec
601 679 758 740 orantibus
786 679 896 756 legatis
919 686 1132 738 commemorat
1155 678 1260 738 Caesar

262 763 369 822 eodem
391 771 536 841 ,tempore
570 765 725 842 superiore
759 785 836 825 anno
864 765 1046 825 Bellovacos
1080 772 1258 841 ceterasque

263 848 371 907 Galliae
399 850 540 909 civitates
571 852 746 929 suscepisse
773 851 900 926 bellum;
934 851 1176 929 pertinacissime
1202 851 1260 910 hos

262 954 300 993 ex
322 935 461 994 omnibus
483 936 515 994 in
538 934 689 996 sententia
705 938 912 1014 permansisse
930 956 1028 1012 neque
1046 936 1085 995 ad
1097 935 1259 996 sanitatem

261 1020 447 1096 reliquorum
469 1020 621 1081 deditione
644 1042 713 1082 esse
734 1022 914 1100 perductum
950 1022 1028 1082 scire
1057 1028 1148 1098 atque
1170 1022 1258 1081 intel-

261 1106 357 1182 ligere
397 1125 431 1165 se
471 1126 595 1166 causam
628 1109 747 1185 peccati
781 1107 925 1168 facillime
957 1108 1084 1167 mortuis
1112 1107 1257 1185 delegari,

261 1193 410 1250 neminem
443 1212 515 1252 vero
548 1199 667 1252 tantum
699 1194 822 1271 pollere,
855 1201 890 1253 ut
921 1194 1025 1254 invitis
1060 1193 1257 1272 principibus,

261 1278 425 1338 resistente
447 1285 565 1353 senatu,
589 1278 727 1339 omnibus
749 1281 838 1339 bonis
859 1280 1112 1358 repugnantibus,
1138 1277 1259 1338 infirma

260 1383 352 1423 manu
383 1363 482 1441 plebis
514 1364 627 1423 bellum
656 1366 808 1425 concitare
842 1373 872 1425 et
905 1385 1011 1442 gerere
1044 1372 1164 1442 posset,
1200 1364 1256 1424 sed

261 1458 364 1508 tamen
386 1469 420 1508 se
443 1456 618 1509 contentum
639 1450 706 1510 fore
728 1471 765 1511 ee
786 1472 885 1530 prena,
909 1471 998 1527 quam
1021 1451 1079 1509 sibi
1101 1451 1160 1528 ipsi
1187 1453 1257 1509 con-

263 1535 439 1594 traxissent.
736 1602 739 1606 A
948 1585 952 1594 ,

346 1621 476 1684 ΧΧΙΠ.
520 1620 619 1680 Nocte
640 1622 814 1698 insequenti
835 1622 930 1701 legati
950 1642 1099 1701 responsa
1123 1621 1162 1680 ad
1184 1641 1257 1683 suos

262 1705 415 1781 referunt,
450 1706 573 1766 obsides
608 1707 781 1768 conficiunt.
844 1708 1035 1769 Concurrunt
1073 1707 1260 1783 reliquarum

262 1793 420 1852 civitatum
442 1792 544 1869 legati,
568 1812 636 1868 quae
647 1794 882 1854 Bellovacorum
909 1794 1146 1872 speculabantur
1168 1813 1259 1854 even·
1345 1855 1348 1858 ,

261 1885 334 1936 tum.
380 1877 513 1938 Obsides
535 1878 618 1954 dant,
646 1880 795 1957 imperata
822 1880 939 1940 faciunt
962 1886 1087 1957 excepto
1112 1878 1257 1954 Commio,

262 1983 352 2038 quem
373 1965 462 2023 timor
478 1964 660 2041 prohibebat
677 1965 857 2042 cujusquam
873 1965 945 2025 fidei
965 1985 1051 2025 suam
1069 1965 1257 2025 committere

263 2049 401 2108 salutem.
451 2048 531 2108 Nam
558 2051 714 2128 superiore
742 2072 820 2111 anno
848 2051 883 2111 Τ.
906 2051 1061 2111 Labienus
1085 2050 1206 2110 Caesare
1227 2051 1260 2109 in

264 2134 364 2215 Gallia
386 2134 526 2194 citeriore
544 2135 598 2211 jus
620 2135 741 2195 dicente
761 2157 852 2212 quum
870 2137 1036 2196 Commium
1060 2137 1260 2215 comperisset

263 2220 428 2279 sollicitare
461 2220 601 2280 civitates
635 2228 666 2280 et
698 2221 935 2299 conjurationem
969 2229 1073 2282 contra
1107 2221 1259 2282 Gaesarem

262 2305 374 2381 facere,
391 2304 602 2365 infidelitatem
620 2305 687 2384 ejus
705 2309 770 2367 sine
788 2309 851 2368 ulla
866 2307 995 2387 perfidia
1007 2307 1160 2384 judicavit
1176 2327 1257 2367 com-

264 2392 352 2471 primi
373 2411 475 2470 posse.
527 2391 625 2464 Quem
653 2393 724 2469 quia
750 2415 810 2454 non
838 2394 1044 2454 arbitrabatur
1065 2402 1206 2454 vocatum
1227 2393 1261 2451 in

264 2485 365 2537 castra
386 2485 556 2549 venturum,
578 2498 618 2538 ne
639 2480 784 2540 tentando
808 2481 971 2540 cautiorem
998 2479 1131 2555 faceret,
1150 2479 1186 2538 G.
1198 2479 1261 2539 Vo-

264 2565 404 2622 lusenum
433 2563 623 2635 Quadratum
649 2566 746 2641 misit,
782 2568 833 2642 qui
861 2587 929 2626 eum
955 2583 1011 2644 per
1039 2565 1263 2624 simulationem

264 2649 405 2725 colloquii
427 2656 547 2708 ornaret
567 2649 818 2711 interficiendum.
863 2651 913 2710 Ad
944 2671 1010 2710 eam
1037 2671 1102 2710 rem
1124 2651 1260 2716 delectos

266 2732 412 2807 [idoneos]
446 2735 474 2793 ei
506 2734 600 2794 uadit
633 2738 834 2797 centuriones.
891 2737 991 2810 Quum
1023 2737 1055 2795 in
1078 2735 1261 2812 colloquium

262 2827 388 2895 ventum
409 2827 492 2879 esset
514 2826 554 2895 et,
581 2827 616 2878 ut
643 2831 835 2899 convenerat,
864 2843 985 2882 menum
1014 2821 1140 2882 Commii
1166 2822 1260 2882 Volu-

263 2905 569 2983 senusarripuisset,
593 2908 727 2981 centurio
750 2909 801 2970 vel
821 2908 942 2969 insueta
974 2929 1008 2968 re
1032 2915 1188 2986 permotus
1210 2907 1259 2967 vel

264 2991 404 3051 celeriter
442 3012 461 3050 a
497 2989 699 3052 familiaribus
735 2995 906 3072 prohibitus
950 2993 1076 3054 Commii
1110 2992 1260 3058 conficere

261 3077 411 3137 hominem
433 3097 494 3135 non
515 3077 629 3155 potuit;
652 3080 788 3156 graviter
809 3087 912 3140 tamen
940 3081 1036 3158 primo
1066 3080 1129 3138 ictu
1158 3077 1260 3158 gladio

263 3169 354 3241 caput
375 3163 537 3241 percussit.
583 3163 684 3235 Quum
706 3167 847 3242 utrinque
869 3166 963 3243 gladii
985 3165 1124 3225 destricti
1146 3172 1259 3238 essent,

261 3269 320 3307 non
360 3256 423 3307 tum
455 3248 612 3326 pugnandi
639 3270 729 3325 quam
760 3251 939 3329 diffugiendi
977 3250 1037 3310 fuit
1064 3257 1262 3326 utrorumque

263 3334 429 3409 consilium,
451 3341 633 3412 nostrorum,
657 3337 738 3411 quod
760 3337 914 3397 mortifero
943 3338 1069 3398 vulnere
1093 3335 1261 3396 Commium

262 3419 428 3479 credebant
461 3419 614 3496 affectum,
649 3421 823 3499 Gallorum,
863 3423 944 3499 quod
977 3423 1096 3482 insidiis
1131 3422 1260 3500 cognitis

260 3505 357 3582 plura,
393 3525 482 3580 quam
504 3506 659 3586 videbant,
694 3509 942 3569 extimescebam.
1002 3508 1068 3580 Quo
1091 3506 1174 3568 facto
1197 3514 1260 3566 sta-

225 3641 229 3648 ,
260 3591 356 3650 tuisse
380 3589 532 3650 Commius
555 3591 713 3652 dicebatur
742 3614 897 3670 nunquam
924 3594 956 3653 in
987 3601 1184 3672 conspectum
1207 3613 1259 3652 cu·

259 3676 404 3753 jusquam
425 3676 556 3735 Romani
576 3678 690 3738 venire.

345 3761 466 3821 XXIV.
489 3762 738 3823 Bellicosissimis
751 3765 893 3841 gentibus
906 3765 1034 3826 devictis
1047 3763 1151 3824 Caesar
1169 3785 1263 3840 quum

259 3847 379 3906 videret
399 3847 514 3906 nullam
531 3846 597 3922 jam
620 3867 689 3908 esse
712 3850 876 3926 civitatem,
901 3871 969 3926 quse
991 3850 1104 3910 bellum
1126 3859 1259 3929 pararet,

261 3952 319 4006 quo
343 3933 401 3991 sibi
422 3933 588 4009 resisteret,
613 3932 668 3992 sed
689 3936 851 3996 nonnullos
874 3957 912 3995 ex
934 3935 1054 4014 oppidis
1078 3936 1259 4014 demigrare,

257 4035 297 4074 ex
319 4017 402 4092 agris
423 4016 573 4095 diffugere
596 4019 636 4076 ad
657 4039 793 4107 praesens
805 4021 963 4100 imperium
986 4022 1171 4098 evitandum,
1192 4023 1225 4101 pl
1248 4057 1261 4066 -
