2967 4609
234 378 276 435 90
544 369 597 421 nn
615 367 744 422 annno
763 367 932 422 caturco

233 565 338 623 multae
360 569 504 641 praeustae
527 560 630 636 sudes,
653 582 783 638 magnus
805 562 965 622 muralium
987 562 1117 640 pilorum
1134 583 1238 622 nume-

233 670 287 708 rus
309 649 492 721 instituitur3
522 655 623 706 turres
657 648 908 721 contabulantur;
943 648 1044 725 pinnae
1073 648 1237 724 lorioaeque

235 755 272 794 ex
301 734 435 794 cratibus
464 739 650 791 attexuntur.
701 733 775 810 Ipse
805 732 909 792 Cicero
939 753 1031 808 quum
1059 734 1238 793 tenuissima

135 871 139 876 ,
233 819 408 880 valetudine
431 825 523 892 esset,
546 838 584 876 ne
607 825 789 877 noctmnum
817 818 940 893 quidem
969 818 1027 876 sibi
1055 824 1175 897 tempus
1198 820 1238 878 ad

235 906 366 981 quietem
395 903 601 979 relinquebat,
630 911 665 962 ut
692 903 773 962 ultro
800 904 929 962 militum
952 923 1103 962 concursu
1126 924 1161 962 ac
1183 925 1236 965 vo-

234 991 320 1050 cibus
344 989 403 1048 sibi
425 1008 551 1067 parcere
574 994 743 1065 cogeretur.

318 1075 405 1134 XLI.
451 1074 529 1132 Tum
548 1073 642 1133 duces
663 1073 879 1152 principesque
890 1073 1083 1148 Nerviorum,
1108 1075 1159 1150 qui
1181 1075 1235 1133 ali-

234 1181 323 1237 quem
346 1159 495 1219 sermonis
524 1158 639 1217 aditum
669 1179 852 1234 causamque
883 1159 1022 1219 amicitiae
1052 1156 1121 1218 cum
1151 1159 1235 1218 (lice-

232 1267 306 1306 rone
339 1245 503 1319 habebant,
539 1243 669 1320 colloqui
692 1264 761 1303 sese
790 1245 869 1305 velle
898 1245 1011 1304 dicunt.
1063 1244 1160 1304 Facta
1181 1266 1235 1322 po-

233 1338 355 1406 testate,
379 1330 494 1404 eadem,
519 1349 586 1404 quae
609 1330 769 1388 Ambiorix
793 1350 861 1388 cum
878 1330 994 1388 Titurio
1018 1336 1132 1407 egerat,
1157 1351 1235 1390 com·

233 1422 417 1476 memorant:
454 1415 580 1474 Omnem
614 1433 684 1473 esse
712 1414 745 1473 in
775 1415 866 1474 armis
891 1415 1036 1490 Galliam,
1068 1415 1235 1476 Germanos

231 1503 375 1561 Rhenum
396 1501 560 1574 transisse;
593 1499 725 1558 Caesaris
753 1501 999 1577 reliquorumque
1027 1501 1154 1560 hiberna
1183 1492 1234 1579 op·
1281 1548 1285 1554 .

231 1587 371 1665 pugnari.
415 1583 544 1644 Addunt
566 1585 658 1645 etiam
681 1585 719 1644 de
742 1585 847 1644 Sabini
875 1593 980 1644 morte.
1026 1585 1234 1664 Ambiorigem

233 1677 388 1732 ostentant
419 1669 492 1730 fidei
523 1669 673 1729 faciendae
708 1690 815 1744 causa3
851 1691 952 1731 errare
987 1691 1038 1731 eos
1070 1671 1183 1747 dicunt,
1208 1674 1235 1732 si

233 1758 396 1833 quicquam
419 1758 457 1815 ab
480 1757 518 1815 iis
540 1755 676 1833 praesidii
704 1764 837 1834 sperent,
867 1757 919 1831 qui
947 1757 1011 1815 suis
1039 1757 1131 1816 rebus
1155 1749 1234 1816 diffi-

232 1843 320 1917 dant,
345 1861 414 1902 sese
446 1849 549 1900 tamen
582 1842 640 1901 hoc
674 1861 742 1901 esse
765 1842 806 1911 in
826 1841 1002 1900 Ciceronem
1029 1837 1234 1920 populumque

231 1928 403 1986 Romanum
426 1927 535 2002 animo,
569 1934 605 1985 ut
625 1927 702 1985 nihil
723 1927 782 1985 nisi
816 1927 943 1986 hibeme
972 1935 1115 1986 recusent
1143 1936 1233 2005 atque

231 2013 310 2071 hanc
332 2013 561 2073 inveterascere
584 2012 835 2073 consuetudinem
857 2013 954 2070 nolint
961 2032 967 2087 ;
991 2013 1083 2071 licere
1106 2014 1166 2072 illis
1188 2015 1234 2072 in·

232 2098 400 2157 columibus
433 2117 488 2175 per
522 2117 555 2156 se
588 2117 626 2156 cx
658 2098 793 2156 hibernis
822 2097 980 2157 discedere
1008 2104 1047 2173 et,
1067 2118 1233 2174 ,quascun-

233 2203 291 2258 que
324 2183 356 2241 in
381 2179 490 2261 'partes
518 2183 622 2258 velint,
658 2183 724 2242 sine
751 2189 836 2242 metu
857 2181 1018 2260 proficisci.
1064 2182 1171 2244 Oicero
1195 2185 1235 2242 ad

231 2268 298 2327 haec
330 2288 424 2326 unum
452 2268 541 2327 modo
569 2267 742 2346 respondit:
788 2268 858 2327 Non
886 2287 955 2327 esse
984 2269 1233 2328 consuetudinem

230 2354 336 2432 populi
364 2354 492 2413 Romani
520 2354 614 2412 ullam
645 2354 783 2431 accipere
814 2355 851 2412 ab
874 2354 963 2413 hoste
992 2362 1106 2413 armato
1131 2355 1232 2414 condi-

232 2439 363 2513 cionem;
388 2439 419 2498 si
438 2439 476 2498 ab
501 2440 593 2498 armis
616 2438 776 2498 discedere
798 2439 902 2515 velint,
927 2459 960 2499 se
984 2439 1124 2516 adjutore
1146 2448 1234 2499 utan-

230 2531 282 2583 tur
303 2525 484 2601 legatosque
515 2525 554 2584 ad
577 2524 731 2583 Caesarem
753 2525 889 2599 mittant3
925 2545 1050 2602 sperare
1077 2545 1132 2602 pro
1166 2525 1233 2601 ejus

226 2609 357 2685 justitia,
382 2629 449 2685 quae
471 2611 624 2688 petierint,
647 2609 872 2687 impetraturos.

315 2695 420 2753 XLII.
465 2696 515 2753 Ab
538 2696 595 2754 hac
613 2715 668 2773 spe
685 2695 800 2772 repulsi
811 2695 917 2755 Nervii
934 2695 1015 2755 vallo
1032 2695 1144 2774 pedum
1154 2695 1232 2770 XII,

229 2778 316 2838 fossa
347 2779 461 2857 pedum
488 2780 550 2839 XV
582 2780 709 2839 hiberna
744 2781 878 2856 cingunt.
929 2781 1006 2840 Haec
1040 2789 1070 2840 et
1098 2781 1233 2858 superio-

230 2885 298 2923 rum
332 2884 480 2923 annorum
514 2864 734 2926 consuetudine
768 2867 806 2924 ab
839 2866 927 2924 nobis
952 2874 1167 2942 cognoverant,
1203 2874 1234 2926 et

230 2969 308 3025 quos
331 2949 369 3008 de
393 2951 528 3009 exercitu
550 2951 705 3009 habebant
727 2951 875 3028 captivos,
907 2951 944 3010 ab
967 2951 1005 3010 iis
1029 2951 1230 3025 docebantur;

230 3035 285 3095 sed
306 3035 391 3094 nulla
412 3034 664 3095 ferramentorum
681 3035 778 3112 copia,
803 3055 870 3112 quae
890 3041 973 3096 esset
990 3036 1126 3096 adhunc
1144 3056 1232 3095 usum

229 3120 348 3196 idonea,
371 3120 483 3197 gladiis
506 3122 639 3199 cespites
668 3121 901 3197 circumcidere,
935 3122 1074 3181 manibus
1103 3122 1231 3198 sagulis-

231 3226 289 3281 que
311 3214 425 3266 terram
454 3207 613 3265 exhaurire
645 3207 828 3266 nitebantur.
881 3207 948 3278 Qua
982 3207 1104 3282 quidem
1134 3227 1171 3266 ex
1198 3227 1232 3266 re

229 3291 383 3350 hominum
415 3292 577 3351 multitudo
602 3293 746 3368 cognosci
772 3293 887 3371 potuit,
921 3312 992 3352 nam
1019 3293 1119 3352 minus
1149 3293 1232 3352 horis

228 3377 327 3435 tribus
355 3377 471 3435 milium
498 3377 611 3455 pedum
636 3377 699 3437 XV
726 3377 759 3436 in
787 3377 915 3436 circuitu
945 3378 1142 3439 munitionem
1163 3397 1231 3456 per-

229 3460 369 3521 fecerunt
391 3463 577 3538 reliquisque
600 3461 708 3520 diebus
735 3470 837 3522 turres
868 3462 907 3522 ad
936 3463 1126 3522 altitudinem
1148 3463 1230 3538 valli,

228 3545 324 3606 falces
346 3546 586 3624 testudinesque,
611 3567 687 3622 quas
714 3547 807 3606 iidem
837 3548 950 3626 captivi
974 3548 1149 3624 docuerant,
1179 3569 1231 3626 pa-

228 3651 296 3692 rare
319 3651 354 3690 ac
376 3631 480 3692 facere
502 3638 668 3710 coepenmt.

313 3717 437 3776 XLIII.
473 3717 607 3795 Septimo
630 3719 867 3795 oppugnationis
891 3717 940 3776 die
968 3719 1097 3778 maximo
1127 3725 1231 3778 coorto

152 3833 155 3839 ·
228 3809 319 3862 vento
342 3802 500 3863 ferventes
522 3802 607 3862 fusili
630 3823 667 3862 ex
690 3803 798 3880 argilla
820 3803 949 3880 glandes
978 3803 1083 3862 fundis
1112 3810 1143 3862 et
1170 3803 1231 3862 fer-

228 3887 352 3948 vefacta
370 3888 476 3963 jacula
503 3887 535 3945 in
565 3907 668 3963 casas,
703 3908 772 3963 quae
800 3908 884 3948 more
908 3889 1026 3948 Gallico
1056 3889 1232 3948 stramentis

229 3978 315 4030 erant
336 3980 436 4046 tectae,
456 3972 562 4048 jacere
585 3980 751 4050 coepemmt.
785 3973 844 4032 Hae
868 3974 1006 4033 celeriter
1027 3974 1129 4051 ignem
1152 3994 1231 4034 com-

227 4056 457 4131 prehenderunt
490 4063 521 4114 et
553 4057 637 4116 venti
670 4057 880 4134 magnitudine
912 4059 945 4116 in
979 4078 1097 4117 omnem
1130 4059 1232 4118 locum
