2967 4609
198 291 204 302 '
242 307 302 363 122
557 295 610 348 DE
628 294 755 349 BELLO
775 294 945 350 GALLIGO

241 512 301 551 uno
323 493 390 550 loco
413 490 549 568 legiones
572 491 750 566 contineret,
774 510 812 549 ne
835 490 1043 568 stipendiariis
1055 489 1243 550 Haeduorum

242 576 423 655 expugnatis
448 583 559 635 cuncta
582 577 683 635 Gallia
704 575 859 650 deficeret,
883 575 964 651 quod
993 577 1110 634 nullum
1139 577 1243 636 amicis

240 663 273 722 iu
289 683 330 737 ,eo
352 661 530 740 praesidium
542 662 698 722 videretur
719 662 853 738 positum
876 680 958 732 esse;
983 661 1010 720 si
1032 662 1181 720 maturius
1205 682 1242 720 ex

241 748 377 808 hibernis
406 747 565 822 educeret,
593 768 633 806 ne
656 749 694 806 ab
716 767 750 806 re
778 746 978 806 frumentaria
1007 747 1092 805 duris
1116 748 1243 814 subvec-

241 834 376 894 tionibus
398 833 560 892 laboraret.
605 833 758 892 Praestare
790 833 890 891 visum
924 839 971 890 est
1003 839 1105 892 tamen
1139 851 1243 892 omnes

244 918 442 978 difficultates
463 919 592 997 perpeti,
617 939 707 994 quam
728 924 815 976 tanta
838 917 1021 976 contumelia
1043 925 1169 995 accepta
1181 939 1243 978 om·

244 1007 329 1063 nium
362 1024 486 1064 suorum
519 1004 693 1064 voluntates
724 1004 866 1062 alienare.
923 1003 1034 1079 Itaque
1069 1005 1243 1063 cohortatus

242 1091 379 1150 Haeduos
401 1090 440 1150 de
463 1090 672 1167 supportando
696 1096 865 1148 commeatu
893 1089 1052 1166 praemittit
1075 1089 1113 1147 ad
1136 1088 1242 1165 Bojos,

243 1177 294 1253 qui
327 1176 366 1234 de
399 1196 454 1235 suo
488 1175 622 1234 adventu
655 1175 786 1234 doceant
807 1175 1034 1249 hortenturque,
1069 1181 1105 1232 ut
1131 1173 1243 1234 infide

242 1268 384 1320 maneant
418 1269 509 1336 atque
542 1261 675 1318 hostium
707 1261 854 1338 impetum
887 1280 996 1337 magno
1027 1260 1124 1319 animo
1154 1259 1243 1319 susti-

242 1355 344 1406 neant.
389 1347 519 1405 Duabus
541 1345 691 1423 Agedinci
713 1345 884 1422 legionibus
907 1353 999 1420 atque
1021 1345 1244 1423 impedimentis

244 1433 337 1490 totius
360 1432 512 1490 exercitus
534 1432 649 1490 relictis
673 1432 713 1490 ad
735 1430 831 1506 Bojos
853 1429 1066 1508 proficiscitur.

329 1517 388 1575 XI.
433 1516 540 1575 Altero
564 1516 613 1576 die
636 1537 729 1592 quum
759 1515 798 1575 ad
821 1516 965 1593 oppidum
994 1516 1148 1575 Senonum
1171 1516 1242 1576 Vel-

164 1671 167 1674 ,
243 1602 449 1661 launodunum
483 1602 628 1677 venisset,
661 1622 700 1661 ne
734 1622 825 1677 quem
856 1608 928 1679 post
955 1621 989 1660 se
1010 1602 1131 1660 hostem
1153 1601 1243 1660 relin-
1271 1601 1274 1607 '
1305 1607 1308 1614 '

126 1679 159 1751 .’
245 1695 361 1763 queret,
396 1707 455 1763 quo
489 1687 676 1765 expeditiore
708 1708 742 1746 re
776 1687 975 1746 frumentaria
1007 1694 1154 1762 uteretur,
1191 1709 1242 1764 op·
1292 1683 1294 1688 ’

244 1793 381 1851 pugnare
403 1773 536 1832 instituit
558 1772 650 1849 idque
671 1773 764 1832 biduo
789 1773 1043 1846 circumvallavit,
1072 1773 1163 1831 tertio
1195 1773 1243 1832 die

243 1859 346 1918 missis
380 1879 418 1917 ex
452 1859 562 1936 oppido
592 1859 718 1936 legatis,
737 1858 775 1917 de
809 1858 961 1917 deditione
989 1878 1073 1916 arma
1102 1857 1242 1933 conferri,

241 1944 379 2020 jumenta
401 1944 536 2021 produci,
559 1943 615 2003 Dc
638 1945 761 2003 obsides
785 1943 850 2002 dari
867 1943 966 2019 jubet.
1009 1944 1056 2002 Ea
1078 1944 1130 2019 qui
1153 1943 1243 2003 confi·

247 2037 338 2100 ceret,
363 2029 399 2088 G.
431 2029 613 2088 Trebonium
635 2031 770 2106 legatum
799 2029 956 2104 relinquit,
991 2029 1058 2106 ipse
1090 2036 1126 2087 ut
1156 2049 1245 2104 quam

244 2115 374 2192 primum
396 2115 454 2173 iter
480 2114 614 2190 faceret,
650 2115 809 2174 Genabum
838 2112 1003 2173 Carnutum
1032 2113 1243 2191 proficiscitur,

246 2201 297 2276 qui
319 2206 390 2258 tum·
406 2199 536 2277 primum
558 2200 649 2259 allato
671 2198 778 2259 nuntio
808 2199 845 2258 de
874 2200 1097 2277 oppugnatione
1120 2200 1243 2259 Vellau-
1334 2193 1340 2200 ’

244 2285 367 2359 noduni,
391 2306 483 2361 quum
504 2285 625 2364 longius
647 2305 714 2345 eam
735 2305 800 2344 rem
823 2285 948 2344 ductum
970 2285 1007 2344 iri
1026 2285 1242 2359 existimarent,

246 2371 422 2449 praesidium
456 2366 575 2439 Genabi
607 2371 713 2431 tuendi
747 2390 856 2445 causa,
893 2369 974 2446 quod
1008 2390 1043 2429 eo
1077 2371 1242 2440 mitterent,

247 2457 473 2536 comparabant.
518 2457 589 2516 Huc
613 2457 711 2522 ,biduo
738 2455 891 2534 pervenit;
921 2455 1032 2515 castris
1062 2463 1131 2515 ante
1160 2457 1242 2534 oppi-

246 2541 318 2600 dum
339 2543 448 2620 positis
472 2542 532 2600 diei
565 2550 701 2621 tempore
731 2543 873 2600 exclusus
895 2541 926 2598 in
947 2548 1105 2618 posterum
1128 2563 1243 2619 oppug-

246 2628 399 2687 nationem
422 2626 535 2702 differt‚
560 2644 689 2703 quaeque
712 2627 751 2686 ad
774 2648 840 2686 eam
862 2646 925 2685 rem
949 2627 1018 2685 usui
1041 2627 1111 2701 sint,
1143 2627 1244 2686 militi·

245 2712 303 2770 bus
324 2713 454 2790 imperat
476 2720 516 2788 et,
541 2713 622 2788 quod
644 2713 790 2791 oppidum
819 2712 980 2771 Genabum
1006 2731 1083 2789 pons
1112 2711 1243 2770 fluminis

245 2798 365 2873 Ligeris
389 2798 593 2874 contingebat,
628 2799 753 2872 veritus,
787 2818 826 2857 ne
859 2805 951 2856 noctu
982 2817 1018 2855 ex
1041 2797 1152 2878 oppido
1173 2819 1243 2875 pro·
1358 2863 1374 2878 Ν

245 2882 397 2958 fugerent,
421 2881 498 2941 duas
519 2883 655 2960 legiones
677 2885 709 2942 in
740 2883 831 2942 armis
860 2883 1010 2941 excubare
1034 2883 1132 2959 jubet.
1184 2883 1243 2942 Ge-

245 2969 397 3026 nabenses
420 2968 510 3045 paulo
534 2976 604 3028 ante
626 2969 757 3028 mediam
779 2976 900 3027 noctem
922 2967 1042 3026 silentio
1072 2988 1109 3027 ex
1132 2966 1242 3046 oppido

246 3054 363 3130 egressi
384 3052 497 3112 flumen
524 3055 656 3114 transire
685 3060 851 3133 coeperunt.
905 3052 971 3124 Qua
998 3074 1032 3112 re
1059 3073 1115 3131 per
1143 3054 1245 3131 explo-

245 3145 367 3208 ratores,
396 3139 536 3198 nuntiata
559 3139 664 3199 Caesar
695 3141 842 3217 legiones,
878 3158 955 3214 quas
986 3139 1146 3216 expeditas
1177 3158 1245 3198 esse

243 3224 390 3300 jusserat,
413 3226 511 3302 portis
543 3226 676 3285 incensis
699 3225 874 3284 intromittit
907 3231 998 3299 atque
1027 3223 1139 3302 oppido
1166 3224 1244 3302 poti-

245 3316 304 3384 tur,
337 3312 499 3388 perpaucis
533 3331 571 3369 ex
603 3311 735 3370 hostium
774 3329 898 3368 numero
933 3309 1132 3384 desideratis,
1172 3310 1245 3384 quin

246 3395 347 3453 cuncti
381 3403 571 3474 caperentur,
606 3395 688 3472 quod
721 3396 823 3474 pontis
857 3401 948 3469 atque
980 3393 1123 3453 itinerum
1152 3415 1245 3471 angu-

246 3479 315 3540 stiae
336 3480 541 3540 multitudinis
562 3480 669 3558 fugam
696 3480 940 3540 intercluserant.
992 3479 1147 3558 Oppidum
1174 3480 1245 3538 diri-

245 3566 292 3644 pit
314 3571 405 3639 atque
426 3565 571 3642 incendit,
594 3566 731 3645 praedam
758 3565 905 3624 militibus
934 3563 1041 3638 donau
1077 3565 1244 3624 exercitum

246 3650 381 3727 Ligerim
402 3651 536 3710 traducit
558 3659 650 3727 atque
671 3652 703 3709 in
724 3651 899 3728 Biturigum
920 3648 997 3709 fines
1019 3651 1169 3728 pervenit.

332 3735 409 3794 XII.
444 3737 678 3814 Vercingetorix
700 3738 753 3796 ubi
776 3737 814 3795 de
832 3735 964 3795 Caesaris
987 3735 1122 3794 adventu
1137 3755 1245 3812 cogno-

245 3822 299 3895 vit,
323 3823 549 3900 oppugnatione
571 3822 690 3881 destitit
716 3828 808 3897 atque
838 3821 958 3882 obviam
982 3819 1097 3879 Caesari
1126 3819 1246 3898 profici-

143 3936 145 3940 *
247 3907 350 3965 scitur.
396 3907 455 3966 Ille
478 3907 622 3985 oppidum
644 3907 818 3984 Biturigum
840 3906 973 3984 positum
999 3906 1032 3964 in
1060 3905 1112 3965 via
1133 3905 1246 3966 Novio-

247 3991 360 4049 dunum
393 4012 570 4070 oppugnare
603 3991 786 4052 instituerat.
840 3991 906 4064 Quo
941 4010 978 4049 ex
1013 3990 1124 4068 oppido
1154 4011 1246 4066 quum
