2967 4609
623 338 747 392 nranu
763 339 798 393 v.
1180 350 1220 408 75

212 533 362 606 omnibus,
388 551 464 606 quos
492 532 670 590 nominatim
698 540 896 604 evocaverat,
928 535 1103 594 consolatus
1126 535 1220 594 Indu-

211 619 373 678 tiomarum
395 618 594 692 hortatusque
618 625 674 693 est,
698 618 786 675 utin
814 617 914 677 officio
945 627 1096 694 maneret;
1126 621 1220 680 nihilo

212 712 314 763 tamen
337 703 437 761 secius
460 702 649 783 principibus
677 703 873 762 Trevirorum
902 704 942 762 ad
970 724 1004 763 se
1035 708 1219 782 convocatis,

212 790 268 851 hos
292 788 469 865 singillatim
493 787 680 865 Cingetorigi
711 789 898 863 conciliavit;
928 790 1009 865 quod
1037 811 1129 866 quum
1159 812 1220 851 me-

212 875 270 933 rito
294 873 361 950 ejus
385 894 402 931 a
425 892 458 931 se
480 872 546 932 fieri
568 873 768 949 intelligebat,
791 882 857 932 tum
880 876 1153 951 magniinteresse
1173 898 1220 935 ar·

213 960 385 1019 bitrabatur
408 958 476 1034 ejus
499 959 711 1017 auctoritatem
733 960 814 1017 iuter
836 980 909 1019 suos
940 981 1031 1036 quam
1057 961 1221 1039 plurimum
1255 1009 1258 1013 .

215 1046 324 1119 valere,
350 1044 438 1120 cujus
460 1050 524 1103 tam
546 1045 700 1120 egregiam
733 1045 765 1102 in
794 1064 827 1103 se
858 1046 1046 1105 voluntatem
1075 1067 1220 1125 perspex-

214 1131 298 1189 isset.
343 1129 383 1187 Id
404 1129 475 1188 tulit
496 1128 613 1187 factum
635 1130 771 1205 graviter
782 1130 1022 1207 indutiomarus
1046 1151 1132 1191 suam
1151 1154 1220 1210 gra-

215 1216 287 1275 tiam
308 1215 388 1273 inter
411 1234 483 1273 suos
506 1215 609 1289 minui,
635 1221 675 1290 et,
699 1216 752 1291 qui
770 1215 837 1291 jam
859 1223 930 1275 ante
952 1216 1073 1276 inimico
1102 1218 1134 1277 iu
1164 1239 1220 1278 uos

217 1301 314 1359 animo
337 1299 458 1376 fuisset,
481 1300 576 1358 multo
599 1300 725 1376 gravius
748 1301 805 1359 hoo
829 1301 934 1360 dolore
957 1303 1080 1362 exarsit.

298 1385 336 1444 V.
381 1385 440 1443 His
461 1386 555 1444 rebus
585 1386 761 1445 constitutis
786 1386 890 1446 Caesar
913 1387 952 1446 ad
979 1395 1100 1465 portum
1127 1389 1221 1448 Itium

215 1491 281 1529 cum
302 1470 474 1547 legionibus
496 1472 645 1548 pervenit.
690 1472 740 1529 Ibi
763 1472 920 1549 cognoscit
941 1472 1003 1531 LX
1023 1493 1130 1549 naves,
1153 1494 1221 1550 quae

215 1557 245 1615 in
271 1556 383 1616 Meldis
411 1554 503 1615 factae
533 1564 628 1632 erant,
658 1564 843 1635 tempestate
870 1558 1003 1634 rejectas
1033 1580 1155 1619 cursum
1177 1569 1221 1618 te·

215 1662 286 1701 nere
307 1662 368 1700 non
396 1642 533 1720 potuisse
562 1650 653 1717 atque
682 1642 805 1718 eodem,
835 1643 916 1702 unde
946 1651 1034 1702 erant
1062 1644 1220 1721 profectae,

132 1782 135 1787 .
215 1728 396 1800 revertisset
423 1727 558 1802 reliquas
586 1736 710 1805 paratas
740 1728 780 1786 ad
807 1729 1015 1804 navigandum
1043 1738 1134 1805 atque
1158 1750 1221 1789 orn-

214 1812 303 1871 nibus
325 1813 418 1871 rebus
440 1812 608 1871 instructas
630 1813 757 1873 invenit.
802 1814 920 1872 Eodem
943 1814 1097 1889 equitatus
1126 1816 1222 1874 totius

217 1894 329 1957 Gallis
357 1898 513 1973 convenit,
548 1918 672 1957 numero
712 1899 828 1957 milium
862 1907 1020 1975 quattuor,
1053 1900 1221 1978 principes-

216 2004 273 2059 que
297 2003 334 2042 ex
356 1983 496 2042 omnibus
520 1983 711 2058 civitatibus3
737 2004 774 2043 ex
797 1985 908 2060 quibus
937 2005 1124 2063 perpaucos,
1148 2006 1221 2062 quo·

214 2088 280 2127 rum
307 2069 339 2127 in
367 2088 401 2128 se
430 2067 521 2129 fidem
549 2077 759 2147 perspexerat,
788 2071 959 2146 relinquere
987 2071 1020 2128 in
1043 2071 1152 2147 Gallia,
1175 2092 1222 2130 re-

215 2154 313 2230 liquos
350 2153 491 2213 obsidum
524 2154 591 2213 loeo
625 2174 729 2213 secum
763 2156 874 2215 ducere
907 2157 1095 2232 decreverat,
1131 2157 1221 2232 quod,

216 2260 309 2315 quum
330 2239 397 2317 ipse
420 2240 554 2315 abesset,
578 2247 694 2299 motum
718 2241 827 2301 Galliae
843 2243 1024 2302 verebatur.
1063 2240 1066 2245 ’

300 2325 357 2384 VI.
402 2324 479 2383 Erat
501 2345 562 2383 una
585 2346 654 2384 cum
684 2327 795 2385 ceteris
817 2327 987 2385 Dumnorix
1010 2326 1160 2401 Haeduus
1185 2328 1223 2385 de

217 2430 274 2485 quo
309 2417 379 2468 ante
413 2410 450 2468 ab
473 2411 561 2469 nobis
597 2410 710 2469 dictum
744 2420 801 2470 est.
851 2413 942 2470 Hunc
978 2431 1081 2469 secum
1109 2411 1222 2470 habere

215 2495 247 2553 in
267 2496 374 2573 primis
398 2494 606 2569 constituerat,
631 2494 713 2571 quod
736 2516 805 2554 eum
827 2497 971 2573 cupidum
997 2516 1100 2555 rerum
1128 2516 1221 2555 nova·

215 2601 290 2656 rum,
315 2580 458 2657 cupidum
479 2581 608 2658 imperii,
631 2582 734 2657 magni
757 2582 863 2655 animi,
893 2602 1012 2658 magnae
1039 2582 1120 2639 inter
1150 2581 1222 2640 Gal-

215 2665 260 2724 los
294 2666 484 2725 auctoritatis
519 2673 713 2743 cognoverat.
769 2667 948 2726 Accedebat
980 2668 1050 2742 huo,
1081 2667 1164 2741 quod
1189 2667 1221 2724 in

216 2751 341 2810 concilio
374 2751 563 2810 Haeduorum
595 2752 766 2811 Dumnorix
799 2752 919 2811 dixerat
956 2753 1015 2812 sibi
1048 2773 1066 2811 a
1100 2751 1221 2811 Cessare

214 2856 341 2913 regnum
371 2836 503 2896 civitatis
532 2836 644 2896 deferri
651 2858 657 2911 ;
688 2838 769 2913 quod
803 2838 918 2898 dictum
946 2838 1059 2897 Haedui
1085 2838 1222 2915 graviter

214 2920 363 2997 ferebant,
386 2942 485 2997 neque
507 2923 670 2981 recusandi
694 2930 748 2981 aut
770 2923 955 3002 deprecandi
984 2943 1080 2983 eausa
1101 2923 1220 3001 legatos

216 3007 254 3065 ad
276 3006 431 3066 Gaesarem
453 3008 575 3069 mittere
599 3007 762 3067 audebant.
807 3009 847 3068 Id
874 3009 991 3069 factum
1021 3030 1058 3069 ex
1080 3009 1145 3068 suis
1167 3010 1220 3067 ho·

215 3092 344 3170 spitibus
357 3092 461 3151 Oaesar
484 3101 678 3171 cognoverat.
713 3094 772 3153 Ille
795 3096 935 3153 omnibus
956 3095 1054 3171 primo
1076 3094 1220 3171 precibus

213 3184 317 3254 petere
351 3174 520 3254 contendit,
556 3186 590 3237 ut
627 3180 659 3237 in
693 3179 794 3237 Gallia
825 3180 1063 3254 relinqueretur,
1097 3178 1218 3255 partim,

215 3263 295 3337 quod
326 3263 465 3324 insuetus
497 3264 663 3341 navigandi
696 3284 779 3323 mare
812 3265 941 3338 timeret,
976 3263 1102 3341 partim,
1138 3262 1219 3339 quod

214 3348 412 3425 religionibus
434 3350 572 3427 impediri
601 3370 670 3409 sese
698 3350 823 3409 diceret.
880 3351 1085 3424 Posteaquam
1112 3348 1145 3406 id
1167 3350 1219 3408 ob·

213 3433 324 3493 stinate
347 3434 406 3493 sibi
427 3436 532 3511 negari
560 3434 646 3510 vidit,
671 3436 752 3493 omui
780 3455 835 3513 spe
864 3434 1046 3512 impetrandi
1074 3434 1220 3513 adempta

212 3519 366 3596 principes
390 3518 499 3579 Galliae
534 3520 707 3595 sollicitare,
744 3540 889 3580 sevocare
923 3519 1061 3599 singulos
1089 3520 1219 3579 hortari-

214 3623 272 3678 que
293 3604 395 3681 coepit‚
419 3605 464 3663 uti
486 3606 517 3663 in
541 3606 708 3664 continenti
728 3612 934 3679 remanerent;
958 3613 1042 3668 metu
1068 3606 1218 3679 territare,

212 3708 272 3747 non
295 3690 360 3748 sine
384 3709 478 3749 eausa
499 3689 574 3766 fieri,
598 3699 633 3749 ut
657 3691 759 3749 Gallia
781 3692 862 3750 omni
883 3691 1043 3751 nobilitate
1074 3691 1218 3768 spoliare·

213 3780 277 3848 tur,
299 3772 332 3833 id
356 3794 424 3835 esse
448 3776 607 3836 consilium
637 3775 779 3850 Caesaris,
808 3785 851 3851 ut,
882 3797 959 3852 quos
990 3778 1022 3835 in
1051 3781 1217 3852 conspectu

214 3857 321 3919 Galliae
348 3860 520 3921 interficere
550 3869 723 3936 vereretur,
752 3863 809 3920 hos
840 3883 944 3921 omues
973 3862 1009 3935 in¹
1026 3859 1218 3919 Britanniam

125 3940 128 3983 ἕ
211 3944 368 4005 traductos
391 3954 529 4021 necaret;
559 3946 649 4006 fidem
678 3948 805 4022 reliquis
833 3947 1035 4025 interponere,
1061 3943 1216 4020 jusjuran-

211 4028 282 4088 dum
304 4050 447 4108 poseere‚
481 4040 530 4108 ut,
567 4032 648 4108 quod
676 4051 745 4091 esse
767 4052 804 4090 ex
832 4052 891 4091 usu
920 4031 1027 4091 Galliae
1049 4029 1216 4089 intellexis-
