2967 4609
215 357 278 416 110
522 349 576 403 DE
593 348 722 403 BELLO
741 348 920 405 samoe.

216 534 264 588 est
284 526 405 586 feminae
427 526 580 603 marisque
602 534 721 602 natura,
746 525 853 586 eadem
867 526 967 586 forma
983 527 1221 604 magnitudoque

216 632 372 674 cornuum,

300 697 441 758 XXVII.
476 697 555 756 Sunt
570 698 653 773 item,
672 718 740 775 quae
758 697 950 777 appellantur
969 698 1060 756 aloes.
1102 697 1221 756 Harum

215 791 265 844 est
300 783 467 844 consimilis
500 785 601 862 capris
630 783 729 862 figura
763 792 793 844 et
826 784 959 845 varietas
991 781 1130 862 pellium;
1166 783 1221 843 sed

214 869 424 946 magnitudine
446 871 537 948 paulo
561 871 746 929 antecedunt
771 871 947 945 mutilaeque
977 875 1049 928 sunt
1077 868 1221 929 cornibus

215 962 246 1016 et
268 975 358 1014 crura
380 955 446 1014 sine
473 955 562 1015 nodis
591 957 790 1032 articulisque
817 956 946 1030 habcnt;
981 973 1081 1031 neque
1109 954 1221 1030 quietis

215 1060 309 1100 causa
340 1041 553 1119 procumbunt,
587 1061 696 1118 neque,
731 1043 758 1101 si
792 1062 851 1117 quo
871 1039 995 1100 afflictae
1024 1059 1097 1100 casu
1120 1040 1220 1100 conci·

215 1127 335 1202 derunt,
360 1127 477 1204 erigere
505 1146 574 1187 sese
604 1135 657 1186 aut
685 1128 847 1188 sublevare
873 1134 1012 1205 possunt.
1062 1125 1121 1184 His
1149 1139 1221 1185 sunt

215 1214 341 1272 arbores
363 1233 419 1290 pro
443 1213 610 1287 cubilibus;
635 1212 744 1272 adeas
762 1233 796 1272 se
808 1213 963 1292 applicant
975 1220 1068 1286 atque
1078 1212 1131 1286 ita,
1143 1231 1218 1288 pau·

214 1299 279 1356 lum
300 1298 389 1356 modo
412 1298 585 1374 reclinatae,
616 1299 750 1374 quietem
778 1299 916 1377 capiunt,
947 1317 1074 1374 quarum
1103 1317 1140 1356 ex
1167 1317 1219 1357 ve·

215 1383 315 1460 stigiis
339 1403 432 1458 quum
461 1390 508 1442 est
538 1385 783 1445 animadversum
812 1406 829 1444 a
856 1383 1068 1458 venatoribus,
1099 1403 1158 1458 quo
1186 1401 1220 1441 se

214 1469 351 1545 recipere
385 1470 568 1545 consuerint,
604 1490 708 1530 omnes
742 1491 777 1530 ec
810 1471 878 1530 loco
913 1477 965 1528 aut
998 1470 1035 1528 ab
1065 1467 1220 1527 radicibus

215 1555 367 1613 subruunt
389 1561 443 1613 aut
464 1556 607 1615 accidunt
629 1557 754 1616 arbores
777 1563 912 1629 tantum,
946 1562 981 1614 ut
1008 1573 1125 1613 summa
1147 1573 1215 1631 spe-

217 1639 279 1699 cics
302 1659 407 1699 earum
437 1641 592 1701 stantium.
611 1642 811 1718 relinquatur.
866 1642 936 1700 Huc
967 1660 1060 1716 quum
1088 1659 1121 1698 se
1149 1659 1219 1699 oon-

215 1725 375 1785 svetudine
408 1727 648 1803 reclinaverunt,
681 1727 817 1786 infirmas
851 1728 975 1786 arbores
1008 1725 1143 1804 pondere
1174 1723 1219 1784 ai-

151 1858 153 1862 .
214 1809 324 1888 fligrmt
347 1819 438 1887 atque
460 1834 521 1872 una
541 1814 619 1890 ipsae
643 1814 814 1873 concidunt.

300 1897 462 1956 XXXIII.
507 1899 644 1958 Tertium
666 1907 714 1959 est
735 1917 833 1976 genus
856 1918 969 1972 eorum,
988 1897 1040 1973 qui
1055 1897 1104 1955 uri
1115 1896 1218 1974 appel-

213 1981 325 2040 lantur.
370 1979 413 2042 Hi
446 1992 518 2043 sunt
546 1985 760 2061 magnitudine
788 1985 879 2063 paulo
913 1983 994 2042 infra
1028 1982 1215 2060 elephantos,

215 2067 318 2144 specie
341 2074 372 2125 et
393 2068 494 2128 colore
517 2077 548 2128 et
568 2069 667 2148 figura
689 2072 778 2130 tauri.
822 2070 937 2147 Magna
963 2069 1010 2129 vis
1040 2087 1143 2126 eorum
1171 2073 1220 2126 est

216 2159 247 2211 et
280 2172 392 2229 magna
413 2155 576 2229 velocitas;
611 2175 710 2231 neque
744 2155 857 2215 homini
890 2175 989 2231 neque
1010 2153 1095 2228 ferae,
1131 2173 1220 2229 quam

216 2246 449 2315 conspexerunt,
472 2249 611 2319 parcunt.
655 2243 724 2301 Hos
747 2243 883 2300 studiose
911 2239 1009 2300 foveis
1038 2247 1145 2316 captos
1175 2238 1219 2296 in·

215 2322 377 2383 terficiunt.
422 2326 491 2385 Hoc
522 2346 556 2386 se
596 2328 701 2386 labore
739 2327 851 2386 durant
885 2325 1096 2386 adolescentes
1129 2330 1221 2398 atque

214 2409 272 2469 hoc
305 2430 417 2486 genere
450 2413 621 2472 venationis
656 2421 813 2487 exercent;
848 2420 888 2488 et,
924 2413 975 2487 qui
1007 2411 1153 2488 plurimos
1182 2429 1220 2468 ex

214 2495 262 2554 his
284 2495 514 2573 interfecerunt,
537 2499 642 2558 relatis
663 2500 696 2558 in
717 2499 874 2577 publicum
892 2498 1044 2571 comitae,
1069 2516 1137 2571 quae
1160 2494 1221 2554 sint

214 2581 398 2655 testimonio,
421 2604 563 2661 magnam
585 2584 689 2644 ferunt
711 2585 844 2644 laudem.
890 2582 951 2644 Sed
981 2601 1159 2643 assuescere
1182 2579 1221 2638 ad

214 2666 352 2726 homines
375 2675 406 2726 et
427 2668 620 2730 manavefieri
642 2691 681 2730 ne
702 2671 827 2749 parvuli
853 2669 975 2746 quidem
1003 2667 1122 2745 excepti
1149 2685 1219 2744 pos-

215 2758 296 2811 sunt.
340 2753 519 2830 Amplitudo
542 2774 688 2815 cornuum
711 2763 742 2814 et
763 2755 862 2832 figura
890 2763 921 2814 et
943 2754 1063 2832 species
1091 2753 1220 2810 multum

216 2857 235 2895 a
255 2844 429 2897 nostrorum
450 2841 542 2898 boum
565 2842 708 2900 cornibus
731 2840 844 2900 differt.
890 2841 967 2900 Haec
990 2839 1126 2898 studiose
1149 2855 1219 2896 con·

216 2922 329 2997 quisita
351 2924 389 2982 ab
411 2925 507 2984 labris
530 2933 655 3003 argento
674 2927 917 2986 circumcludunt
935 2933 1026 3002 atque
1043 2925 1075 2983 in
1098 2922 1220 3000 amplis-

215 3007 301 3066 simis
324 3009 422 3086 epulis
444 3032 500 3089 pro
522 3012 641 3090 poculis
663 3020 800 3072 utuntur.

300 3093 425 3172 XXIX,
479 3096 584 3157 Caesar
611 3105 775 3177 postquam
802 3118 858 3175 per
885 3097 982 3156 Ubios
1013 3095 1221 3173 exploratores

216 3181 364 3258 comperit
386 3181 504 3243 Suevos
528 3203 597 3244 sese
618 3185 651 3243 in
672 3184 767 3246 silvas
790 3182 960 3260 recepisse,
994 3181 1127 3259 inopiam
1154 3177 1219 3236 fru-

214 3266 309 3324 menti
331 3267 457 3344 veritus‚
481 3269 579 3346 quod,
607 3277 642 3329 ut
670 3289 763 3348 supra
785 3268 1075 3341 demonstravimus,
1098 3265 1221 3324 minime

214 3350 353 3411 homines
377 3353 521 3414 Germani
544 3355 740 3433 agriculturae
753 3355 888 3430 student,
909 3353 1067 3413 constituit
1078 3371 1139 3410 non
1150 3369 1220 3426 pro·

215 3435 302 3512 gredi
323 3437 458 3515 longius,
483 3441 547 3516 sed,
570 3462 610 3501 ne
633 3442 753 3502 omnino
783 3447 898 3500 metum
927 3439 1044 3499 reditus
1073 3436 1121 3497 sui
1149 3437 1219 3494 bar-

214 3521 298 3580 baris
319 3523 441 3584 tolleret
463 3533 554 3602 atque
575 3535 611 3586 ut
639 3546 744 3587 eorum
772 3527 884 3586 auxilia
911 3525 1063 3598 tardaret,
1092 3521 1219 3581 reducto

216 3607 352 3666 exercitu
380 3617 498 3687 partem
531 3612 670 3672 ultimam
697 3613 817 3691 pontis,
852 3631 921 3688 quae
954 3611 1038 3689 ripas
1071 3607 1221 3668 Ubiorum

216 3692 477 3772 contingebatin
499 3698 720 3776 longitudinem
748 3698 861 3777 pedum
885 3695 935 3756 00
957 3693 1105 3755 rescindit
1128 3698 1220 3767 atque

214 3777 246 3836 in
268 3786 403 3840 extremo
436 3791 529 3860 ponte
562 3785 671 3843 turrim
703 3784 910 3844 tabulatorum
940 3788 1085 3858 quattuor
1108 3776 1220 3837 consti·

214 3862 275 3922 tuit
295 3865 534 3944 praesidiumque
568 3869 736 3929 cohortium
764 3869 834 3929 XII
861 3868 964 3947 pontis
992 3863 1099 3927 tuendi
1128 3880 1222 3922 causa

214 3949 302 4025 ponit
333 3953 513 4030 magnisque
546 3973 616 4014 eum
649 3955 749 4014 locum
781 3953 1000 4014 munitionibus
1026 3950 1136 4010 firmat.
1181 3946 1221 4006 Ili

213 4031 281 4092 loco
298 4037 503 4114 praesidioque
521 4039 558 4100 G.
571 4039 746 4101 Volcatium
762 4039 883 4100 'Iullum
901 4039 1125 4100 adolescentem
1142 4051 1220 4112 prae·
