2967 4609
1198 343 1443 398 LIBER
1477 344 1577 399 VI.
1741 390 1744 393 .
2297 357 2417 416 107

402 546 538 598 tare
597 544 705 596 aut
744 537 947 615 posita
973 537 1203 598 tollere
1261 537 1546 614 auderet,
1613 541 2164 618 gravissimumque
2221 544 2276 603 ei
2331 545 2421 603 rei

405 623 777 703 supplicium
823 642 963 682 cum
1009 624 1285 683 cruciatu
1331 625 1732 684 constitutum
1778 632 1890 684 est.

579 708 830 770 XVIII.
923 697 1088 768 Galli
1154 728 1221 769 se
1268 729 1477 770 omnes
1537 712 1612 768 ab
1670 711 1815 770 Dite
1870 719 2049 790 patre
2084 722 2419 790 prognatos

403 794 766 874 praedicant,
810 794 996 870 idque
1035 797 1111 853 ab
1135 795 1473 854 Druidibus
1501 791 1818 874 'proditum
1853 797 2080 857 dicunt.
2153 798 2248 858 Ob
2286 820 2420 859 eam

408 900 657 940 causam
702 881 903 958 spatia
948 881 1142 940 omnis
1189 882 1480 959 temporis
1526 902 1650 941 non
1691 903 1943 942 numero
1993 885 2260 957 dierum,
2310 885 2423 944 sed

405 966 674 1025 noctium
730 965 982 1040 finiunt;
1055 966 1186 1025 dies
1244 966 1486 1026 natales
1543 975 1606 1027 et
1674 988 1951 1028 mensum
2007 976 2069 1029 et
2125 991 2424 1030 annorum

406 1052 581 1112 initia
640 1053 729 1110 sic
787 1053 1148 1126 observant,
1220 1059 1287 1111 ut
1341 1058 1585 1112 noctem
1646 1053 1777 1113 dies
1824 1056 2252 1131 subsequatur.
2342 1056 2420 1115 In

408 1137 659 1212 reliquis
714 1137 857 1196 vitae
914 1137 1214 1197 institutis
1274 1139 1389 1197 hoc
1457 1138 1589 1198 fere
1637 1141 1712 1198 ab
1781 1141 2032 1216 reliquis
2100 1139 2414 1217 differunt,

409 1223 571 1298 quod
638 1242 781 1281 suos
826 1223 1072 1299 liberos,
1140 1224 1270 1282 nisi'
1324 1244 1513 1300 quum
1570 1225 1998 1300 adoleverunt,
2065 1233 2136 1285 ut
2201 1246 2421 1286 munus

408 1308 640 1366 militiae
687 1309 991 1368 sustinere
1033 1310 1303 1387 possint,
1363 1309 1568 1387 palam
1624 1306 1826 1370 adse
1884 1311 2052 1370 adire
2096 1333 2219 1372 non
2262 1313 2420 1390 pati·-

408 1399 622 1468 untur,
679 1392 989 1469 filiumque
1032 1395 1253 1473 puerili
1298 1401 1480 1455 aetate
1547 1397 1610 1454 in
1666 1397 1912 1475 publico
1970 1398 2032 1456 in
2091 1404 2425 1475 conspectu

408 1480 605 1557 patris
651 1479 943 1538 assistere
989 1487 1169 1558 turpe
1216 1480 1465 1540 ducunt.

578 1565 763 1624 XIX.
855 1566 1009 1642 Viri,
1057 1573 1318 1642 quantas
1340 1567 1637 1644 pecunias
1683 1569 1758 1627 ab
1797 1569 2088 1628 uxoribus
2114 1570 2274 1628 dotis
2316 1589 2423 1629 no-

288 1668 295 1674 ·
406 1651 568 1710 mine
614 1658 997 1728 acceperunt,
1044 1659 1250 1711 tantas
1298 1672 1371 1710 ex
1412 1653 1541 1711 suis
1576 1652 1752 1711 bonis
1802 1655 2204 1713 aestimatione
2252 1654 2423 1713 facta

412 1756 551 1796 cum
595 1736 840 1795 dotibus
886 1738 1351 1797 communicant.
1443 1738 1647 1814 Hujus
1693 1739 1886 1797 omnis
1946 1741 2222 1818 pecuniae
2283 1759 2424 1798 con-

402 1822 669 1899 junctim
709 1823 864 1881 ratio
910 1824 1173 1883 habetur
1216 1822 1577 1898 fructusque
1623 1830 1975 1899 servantum
2036 1833 2174 1884 uter
2219 1845 2428 1884 eorum

410 1907 539 1968 vita
604 1909 934 1984 superavit,
1005 1908 1083 1967 ad
1129 1929 1267 1968 eum
1321 1929 1467 1987 pars
1533 1910 1853 1985 utriusque
1922 1930 2058 1969 cum
2118 1910 2422 1970 fructibus

412 1994 793 2071 superiorum
836 2000 1177 2071 temporum
1219 1995 1520 2072 pervenit.
1610 1995 1745 2054 Viri
1800 1996 1864 2054 in
1919 2016 2174 2072 uxores,
2246 1996 2427 2056 sicuti

412 2079 477 2137 in
519 2079 764 2154 liberOS,
812 2080 955 2139 vitae
1000 2081 1293 2156 necisque
1337 2081 1569 2140 habent
1622 2088 2020 2158 potestatem3
2082 2089 2175 2157 et,
2238 2102 2428 2157 quum

411 2170 589 2242 pater
631 2163 877 2223 familiae
922 2165 1253 2225 illustriore
1300 2167 1434 2226 loco
1468 2173 1650 2226 natus
1687 2167 1972 2242 decessit,
2010 2167 2144 2244 ejus
2178 2168 2426 2246 propin-

415 2251 520 2324 qui
564 2251 931 2310 conveniunt
974 2259 1052 2325 et,
1102 2252 1179 2310 de
1222 2259 1417 2311 morte
1465 2253 1517 2310 si
1563 2273 1662 2312 res
1695 2253 1757 2311 in
1793 2253 2202 2331 suspicionem
2237 2253 2425 2325 venit,

415 2335 491 2394 de
535 2336 827 2395 uxoribus
871 2337 935 2395 in
980 2337 1266 2397 servilem
1309 2338 1556 2397 modum
1614 2339 2015 2414 quaestionem
2069 2339 2301 2397 habent
2346 2344 2425 2413 et,

414 2420 469 2480 si
503 2414 889 2499 ‘compertum
934 2431 1047 2498 est,
1094 2423 1221 2500 igni
1279 2430 1464 2498 atque
1511 2424 1790 2481 omnibus
1847 2425 2166 2482 tormentis
2215 2433 2453 2481 excru-'

415 2507 607 2566 ciatas
640 2507 1029 2567 interficiunt.
1097 2508 1343 2567 Funera
1376 2515 1520 2567 sunt
1556 2529 1667 2586 pro
1707 2508 1876 2567 cultu
1902 2508 2216 2567 Gallorum
2260 2528 2428 2584 mag-

411 2591 595 2651 nifica
640 2600 700 2652 et
745 2600 1120 2691 sumptuosa,
1169 2594 1509 2670 omniaque,
1579 2613 1714 2669 quse
1781 2594 1940 2654 vivis
2009 2593 2178 2654 cordi
2236 2593 2430 2652 fuisse

413 2678 805 2754 arbitrantur,
850 2679 915 2737 in
958 2680 1163 2777 ignem
1204 2679 1496 2755 inferunt,
1544 2681 1729 2739 etiam
1774 2680 2087 2753 animalia3
2138 2700 2210 2738 ac
2223 2679 2426 2777 paulo

416 2783 602 2842 supra
644 2765 803 2823 hanc
846 2766 1196 2825 memoriam
1242 2766 1406 2826 servi
1450 2772 1512 2825 et
1547 2766 1830 2839 clienteS,
1895 2785 2048 2841 quos
2097 2767 2172 2824 ab
2218 2765 2293 2824 118
2341 2764 2429 2823 di-

414 2850 610 2908 lectos
678 2869 814 2909 esse
882 2853 1235 2943 constabat,
1297 2852 1490 2928 justis
1560 2851 1881 2910 funeribus
1952 2851 2249 2912 confectis
2309 2870 2433 2910 una

421 2936 863 2994 cremabantur.

528 3021 735 3079 XX.
829 3021 981 3093 Quae
1028 3022 1313 3082 civitates
1348 3021 1724 3082 commodius
1761 3042 1932 3081 suam
1965 3042 2095 3081 rem
2117 3006 2430 3099 publicam

419 3058 841 3166 administrare
887 3107 1338 3182 existimantur,
1398 3108 1627 3166 habent
1684 3107 1926 3183 legibus
1996 3113 2304 3180 sanctum,
2377 3107 2432 3164 si

420 3193 555 3268 quis
602 3192 749 3267 quid
794 3192 869 3251 de
913 3212 980 3251 re
1026 3193 1274 3270 publica
1320 3214 1356 3252 a
1398 3192 1673 3252 finitimis
1717 3212 1957 3250 rumore
2003 3212 2073 3250 ac
2120 3191 2287 3250 fama
2331 3210 2429 3249 ac-

420 3278 666 3355 ceperit,
713 3279 805 3336 uti
851 3277 931 3337 ad
973 3279 1402 3355 magistratum
1447 3277 1687 3337 deferat
1729 3297 1886 3337 neve
1947 3297 2084 3335 cum
2108 3273 2246 3352 ,quo
2310 3276 2426 3335 alio

426 3363 843 3439 communicet,
892 3364 1056 3440 quod
1116 3383 1283 3441 saepe
1340 3364 1618 3423 homines
1663 3363 2020 3422 temerarios
2080 3370 2264 3438 atque
2319 3362 2430 3420 im-

416 3449 646 3526 peritos
667 3447 863 3509 ‘falsis
907 3451 1251 3508 rumoribus
1296 3449 1515 3509 terreri
1560 3456 1622 3508 et
1667 3448 1746 3507 ad
1801 3448 2040 3508 facinus
2087 3448 2322 3526 impelli
2369 3455 2432 3508 et

365 3528 375 3533 ’
419 3533 494 3593 de
540 3535 790 3594 summis
832 3536 1018 3594 rebus
1066 3535 1383 3594 consilium
1428 3554 1648 3613 capere
1682 3535 1992 3612 cognitum
2036 3541 2149 3594 est.
2235 3533 2430 3610 Magi-

420 3626 669 3696 stratus,
719 3639 854 3696 quae
900 3622 1051 3681 visa.
1081 3627 1244 3695 sunt,
1292 3621 1619 3695 occultant,
1689 3639 1947 3696 quaeque
2007 3640 2145 3680 esse
2193 3639 2269 3679 ex
2313 3638 2430 3678 usu

412 3704 882 3783 judicaverunt,
940 3706 1313 3765 multitudini
1370 3705 1656 3784 produnt.
1747 3706 1844 3764 De
1899 3727 1967 3765 re
2022 3706 2270 3785 publica
2313 3704 2433 3762 nisi

418 3811 530 3868 per
573 3792 894 3851 concilium
937 3793 1105 3868 loqui
1148 3811 1269 3851 non
1316 3790 1687 3852 conceditur.

588 3876 772 3937 XXI.
845 3878 1133 3938 Germani
1175 3878 1435 3936 multum
1479 3878 1555 3937 ab
1602 3878 1717 3936 hac
1764 3875 2219 3947 consvetudine.
2247 3871 2423 3931 diffe-

419 3969 589 4037 runt;
636 3981 779 4021 nam
822 3983 1020 4040 neque
1042 3963 1309 4022 Druides
1354 3963 1604 4037 habent,
1653 3963 1756 4038 qui
1787 3963 1971 4020 rebus
2012 3959 2234 4019 divinis
2270 3977 2428 4036 prae-

422 4047 561 4122 sint,
606 4067 805 4124 neque
851 4047 1166 4109 sacrificiis
1223 4047 1492 4108 student.
1561 4049 1830 4106 Deorum
1873 4063 2122 4104 numero
2181 4063 2288 4104 eos
2334 4063 2432 4104 so-
