2967 4609
268 369 329 425 ios
574 359 627 411 ns
644 355 773 411 annno
793 356 973 412 amurca

264 557 311 614 los
334 555 459 629 ducunt,
483 573 560 629 quos
583 559 711 611 cernunt
739 560 770 610 et
798 573 927 628 quorum
955 559 1060 629 aperte
1088 551 1197 630 opibus
1222 552 1272 629 ju-

265 647 386 715 vantur,
411 639 513 698 Solem
536 645 566 697 et
577 639 749 698 Vulcanum
773 646 803 697 et
826 639 958 712 Lunam3
982 637 1117 712 reliquos
1135 656 1173 696 ne
1191 635 1272 697 lama

267 727 388 803 quidem
411 730 602 802 acceperrmt.
647 724 720 783 Vita
750 724 846 783 omnis
874 724 907 782 in
939 723 1152 784 venationibus
1181 729 1272 799 atque

265 812 297 870 in
320 810 431 870 studiis
455 811 499 869 rei
527 810 669 868 militaris
691 810 849 883 consistit;
881 809 918 867 ab
949 808 1086 887 parvulis
1114 807 1213 866 labori
1236 829 1272 868 ao

266 897 385 955 duritiae
409 895 542 970 student.
578 895 638 966 Qui
660 895 830 954 diutissime
841 895 1015 972 impuberes
1027 902 1270 971 permanserunt,

265 983 426 1043 maximam
453 983 544 1040 inter·
563 1000 635 1040 suos
664 980 767 1040 ferunt
793 981 932 1054 laudem;
963 980 1021 1038 hoc
1050 979 1090 1038 ali
1112 987 1271 1056 staturam,

266 1069 306 1126 ali
334 1069 417 1127 vires
449 1086 622 1142 nervosque
657 1065 829 1125 confirmari
862 1072 982 1144 putant.
1038 1065 1126 1124 Intra
1161 1085 1273 1124 annum

265 1173 338 1213 vero
361 1153 539 1213 vicesimum
561 1151 683 1211 feminae
705 1153 845 1211 notitiam
867 1152 1011 1210 habuisse
1033 1151 1065 1208 in
1087 1151 1272 1228 turpissimis

265 1239 380 1298 habent
406 1240 515 1311 rebus3
548 1237 636 1314 cujus
669 1238 714 1296 rei
741 1238 825 1296 nulla
854 1244 902 1297 est
929 1236 1101 1311 occultati0‚
1131 1238 1213 1311 quod
1241 1245 1273 1296 et

265 1325 437 1402 promiscue
459 1324 490 1381 in
513 1322 688 1382 fluminibus
710 1325 892 1401 perluuntur
915 1329 945 1381 et
966 1322 1099 1399 pellibus
1128 1329 1180 1380 aut
1201 1343 1271 1400 par-

265 1410 313 1469 vis
344 1429 490 1468 renonum
523 1409 696 1486 tegimentis
717 1416 845 1468 utuntur
872 1428 982 1485 magna
1016 1408 1151 1484 corporis
1185 1415 1272 1486 parte

268 1495 360 1554 nuda.

351 1579 461 1638 XXII.
512 1579 717 1656 Agricultura
751 1599 811 1638 non
845 1579 983 1652 student,
1015 1578 1172 1655 majorque
1198 1598 1272 1656 pars

267 1686 372 1725 eorum
404 1666 505 1725 victus
538 1666 570 1723 in
592 1665 690 1739 lacte,
715 1685 820 1740 casea,
856 1685 946 1724 carne
980 1664 1137 1741 consistit,
1173 1683 1271 1739 neque

267 1752 429 1827 quisquam
452 1751 517 1828 agri
539 1750 663 1808 modum
685 1757 802 1809 certum
825 1758 877 1808 aut
904 1749 980 1809 fines
1002 1750 1097 1808 habet
1118 1750 1268 1826 proprios,

267 1837 324 1896 sed
357 1837 557 1913 magistratus
585 1856 620 1895 ac
653 1836 808 1914 principes
836 1837 867 1893 in
896 1855 991 1894 annos
1015 1835 1152 1911 singulos
1174 1835 1271 1911 genti-

264 1925 323 1981 bus
347 1922 638 1999 cognationibusque
660 1922 823 1996 hominum,
848 1922 899 1996 qui
921 1941 981 1980 una
1004 1922 1150 1995 coierunt,
1176 1940 1269 1995 quan·

266 2015 330 2066 tum
353 2015 383 2066 et
406 2028 465 2083 quo
488 2008 554 2066 loco
576 2008 675 2067 visum
699 2015 747 2066 est
770 2007 850 2084 agri,
881 2006 1050 2065 attribuunt
1080 2013 1170 2081 atque
1193 2026 1271 2064 anno

266 2099 337 2169 post
361 2093 418 2151 alio
442 2094 574 2151 transire
597 2100 718 2169 cogunt.
759 2092 837 2168 Ejus
855 2093 900 2151 rei
915 2092 1027 2150 multas
1047 2089 1180 2150 afferunt
1197 2111 1267 2150 cau·

266 2197 332 2236 sas:
363 2198 401 2236 ne
430 2177 554 2236 assidua
587 2177 806 2237 consvetudine
836 2178 917 2255 capti
952 2176 1086 2236 studium
1114 2177 1188 2235 belli
1215 2197 1267 2258 ge·

264 2263 351 2322 rendi
374 2263 560 2339 agricultura
583 2270 778 2338 commutent,
801 2284 839 2322 ne
862 2264 941 2322 latos
970 2261 1046 2321 fines
1075 2282 1184 2342 parare
1207 2269 1271 2320 stu-

267 2349 359 2408 deant
379 2349 627 2427 potentioresqne
644 2349 821 2408 humiliores
839 2348 1086 2427 possessionibus
1105 2347 1269 2425 expellant,

266 2455 304 2494 ne
327 2435 500 2494 accuratius
524 2435 563 2493 ad
584 2434 700 2512 frigora
722 2442 815 2510 atque
838 2442 932 2494 aestus
949 2433 1091 2495 vitandos
1110 2431 1270 2507 aedificent,

266 2540 304 2579 ne
328 2540 389 2594 qua
411 2521 526 2579 oriatur
553 2521 692 2597 pecuniae
722 2520 890 2598 cupiditas,
921 2540 980 2596 qua
1004 2539 1041 2578 ex
1064 2540 1097 2578 re
1120 2518 1271 2578 factiones

267 2605 535 2681 dissensionesque
568 2614 746 2680 nascuntur,
780 2613 814 2664 ut
849 2607 940 2666 animi
974 2605 1117 2680 aequitate
1150 2604 1272 2682 plebem

267 2691 451 2765 contineant,
476 2712 567 2766 quum
590 2711 662 2750 suas
686 2691 815 2766 quisque
844 2711 918 2770 opes
950 2707 1033 2750 cum·¹
1051 2690 1271 2768 potentissimis
1311 2761 1313 2766 Α

267 2776 383 2851 aequari
405 2775 517 2835 videat.

352 2860 480 2918 XXIII.
527 2860 710 2920 Civitatibus
727 2862 859 2920 maxima
875 2862 943 2920 laus
955 2869 1004 2921 est
1020 2881 1112 2937 quam
1123 2861 1272 2921 latissime

267 2944 380 3003 circum
403 2965 436 3004 se
458 2947 589 3005 vastatis
611 2945 723 3006 finibus
747 2946 927 3006 solitudines
950 2947 1072 3006 habere.
1118 2947 1269 3022 Hocpro-

265 3031 366 3109 prium
389 3031 511 3090 virtutis
535 3033 719 3108 existimant,
744 3034 887 3110 expulsos
905 3033 986 3109 agris
1005 3031 1150 3092 finitimos
1162 3033 1271 3092 cedere

265 3136 365 3193 neque
395 3137 577 3193 quemquam
605 3138 700 3196 prope
729 3118 842 3177 audere
877 3119 1059 3190 consistere3
1096 3119 1185 3177 simul
1213 3118 1271 3176 hoc

266 3222 300 3262 se
323 3202 388 3262 fore
410 3203 540 3262 tutiores
563 3203 750 3263 arbitrantur
773 3204 940 3281 repentinae
962 3196 1146 3263 incursionis
1164 3205 1271 3262 timore

267 3289 396 3346 sublato.
443 3288 543 3360 Quum
565 3289 678 3348 bellum
701 3290 810 3350 civitas
834 3296 887 3347 aut
908 3290 1028 3348 illatum
1058 3288 1197 3350 defendit
1219 3295 1272 3347 aut

266 3372 369 3449 infert,
392 3374 600 3450 magistratus,
625 3376 678 3450 qui
700 3375 727 3433 ei
750 3374 830 3433 bello
853 3374 991 3451 praesint,
1021 3383 1055 3433 ut
1077 3375 1149 3434 vitae
1171 3375 1270 3434 necis·

266 3478 324 3533 que
357 3458 491 3517 habeant
522 3467 717 3537 potestatem,
753 3459 935 3536 deliguntur.
992 3460 1030 3518 In
1062 3479 1139 3537 pace
1168 3459 1271 3518 nullus

267 3550 315 3602 est
337 3544 503 3604 communis
525 3546 732 3622 magistratus,
758 3545 813 3604 sed
830 3545 985 3623 principes
1001 3545 1160 3621 regionum
1180 3552 1271 3621 atque

266 3648 413 3706 pagorum
445 3630 525 3697 inter
558 3650 631 3689 suos
661 3631 714 3706 jus
732 3630 860 3699 ,mount
898 3632 1184 3707 controversiasque
1216 3631 1270 3688 mi-

265 3721 372 3773 nuunt.
418 3716 594 3775 Latrocinia
616 3717 731 3775 nullam
752 3717 868 3776 habent
889 3717 1062 3791 infamiam,
1092 3736 1160 3792 quae
1184 3723 1272 3775 extra

265 3799 342 3860 fines
365 3800 514 3877 cujusque
538 3800 672 3861 civitatis
693 3801 787 3876 fiunt,
812 3810 904 3876 atque
935 3823 970 3862 ea
989 3802 1163 3879 juventutis
1186 3822 1271 3860 exer-

266 3886 371 3945 cendae
395 3907 430 3944 ac
453 3885 579 3945 desidia
602 3887 774 3946 minuendae
798 3905 891 3946 causa
912 3886 979 3947 fieri
1001 3887 1180 3967 praedicant.
1215 3887 1271 3945 At-

266 3990 325 4045 que
347 3972 400 4029 ubi
423 3971 491 4046 quis
515 3991 552 4030 ex
573 3972 765 4049 principibus
788 3973 820 4031 in
843 3973 970 4032 concilio
995 3973 1080 4048 dixit,
1105 3993 1138 4032 se
1162 3973 1271 4033 ducem

265 4054 341 4128 iore,
377 4057 428 4131 qui
450 4057 537 4131 sequi
560 4056 670 4131 velint,
698 4056 914 4135 profiteantur,
947 4065 1136 4136 consurgimt
1157 4059 1195 4134 ii,
1219 4060 1272 4134 qui
