<?xml version="1.0" encoding="UTF-8"?>
<!DOCTYPE html PUBLIC "-//W3C//DTD XHTML 1.0 Transitional//EN"
    "http://www.w3.org/TR/xhtml1/DTD/xhtml1-transitional.dtd">
<html xmlns="http://www.w3.org/1999/xhtml" xml:lang="en" lang="en">
 <head>
  <title>
</title>
<meta http-equiv="Content-Type" content="text/html;charset=utf-8" />
  <meta name='ocr-system' content='tesseract 3.04.00' />
  <meta name='ocr-capabilities' content='ocr_page ocr_carea ocr_par ocr_line ocrx_word'/>
</head>
<body>
  <div class='ocr_page' id='page_1' title='image "./gajijuliicaesar00whitgoog_0060.png"; bbox 0 0 2967 4609; ppageno 0'>
   <div class='ocr_carea' id='block_1_1' title="bbox 285 345 983 417">
    <p class='ocr_par' dir='ltr' id='par_1_1' title="bbox 285 345 983 417">
     <span class='ocr_line' id='line_1_1' title="bbox 285 345 983 417; baseline -0.001 -18"><span class='ocrx_word' id='word_1_1' title='bbox 285 360 327 417; x_wconf 64' lang='grc' dir='ltr'>ιι,</span> <span class='ocrx_word' id='word_1_2' title='bbox 585 345 983 401; x_wconf 71' lang='lat' dir='ltr'>uummcmmro.</span> 
     </span>
    </p>
   </div>
   <div class='ocr_carea' id='block_1_2' title="bbox 284 542 1291 881">
    <p class='ocr_par' dir='ltr' id='par_1_2' title="bbox 284 542 1291 881">
     <span class='ocr_line' id='line_1_2' title="bbox 284 542 1289 622; baseline -0.005 -17"><span class='ocrx_word' id='word_1_3' title='bbox 284 546 516 622; x_wconf 64' lang='lat' dir='ltr'>svlapaertne.</span> <span class='ocrx_word' id='word_1_4' title='bbox 539 543 925 600; x_wconf 56' lang='lat' dir='ltr'>miani-war</span> <span class='ocrx_word' id='word_1_5' title='bbox 923 542 1289 618; x_wconf 57' lang='lat' dir='ltr'>qeassames‘ena-</span> 
     </span>
     <span class='ocr_line' id='line_1_3' title="bbox 284 626 1291 724; baseline -0.003 -36"><span class='ocrx_word' id='word_1_6' title='bbox 284 641 632 708; x_wconf 73' lang='lat' dir='ltr'>vigannrnmrtn</span> <span class='ocrx_word' id='word_1_7' title='bbox 634 630 913 724; x_wconf 68' lang='lat' dir='ltr'>nsomari.at·3·.</span> <span class='ocrx_word' id='word_1_8' title='bbox 935 630 1164 685; x_wconf 60' lang='lat' dir='ltr'>&#39;ms-affine</span> <span class='ocrx_word' id='word_1_9' title='bbox 1187 626 1291 703; x_wconf 69' lang='lat' dir='ltr'>&#39;unqe</span> 
     </span>
     <span class='ocr_line' id='line_1_4' title="bbox 284 713 1290 795; baseline -0.001 -22"><span class='ocrx_word' id='word_1_10' title='bbox 284 718 486 795; x_wconf 57' lang='lat' dir='ltr'>apertis-,imi</span> <span class='ocrx_word' id='word_1_11' title='bbox 510 713 799 790; x_wconf 56' lang='lat' dir='ltr'>(ammira</span> <span class='ocrx_word' id='word_1_12' title='bbox 799 715 902 770; x_wconf 78' lang='lat' dir='ltr'>bant.</span> <span class='ocrx_word' id='word_1_13' title='bbox 951 714 1290 772; x_wconf 40' lang='lat' dir='ltr'>ffisirssejsosnsfiiis</span> 
     </span>
     <span class='ocr_line' id='line_1_5' title="bbox 285 799 1290 881; baseline 0.001 -24"><span class='ocrx_word' id='word_1_14' title='bbox 285 802 576 881; x_wconf 77' lang='lat' dir='ltr'>oppidamnninnt</span> <span class='ocrx_word' id='word_1_15' title='bbox 604 799 937 874; x_wconf 58' lang='lat' dir='ltr'>numentanam-&#39;s</span> <span class='ocrx_word' id='word_1_16' title='bbox 963 801 1024 856; x_wconf 89' lang='lat' dir='ltr'>in·</span> <span class='ocrx_word' id='word_1_17' title='bbox 1021 800 1290 877; x_wconf 32' lang='lat' dir='ltr'>:pp-iiacwmpor</span> 
     </span>
    </p>
   </div>
   <div class='ocr_carea' id='block_1_3' title="bbox 282 884 1291 4135">
    <p class='ocr_par' dir='ltr' id='par_1_3' title="bbox 284 884 1290 1395">
     <span class='ocr_line' id='line_1_6' title="bbox 286 884 1290 961; baseline -0.003 -14"><span class='ocrx_word' id='word_1_18' title='bbox 286 904 364 948; x_wconf 78' lang='lat' dir='ltr'>tant</span> <span class='ocrx_word' id='word_1_19' title='bbox 396 908 492 946; x_wconf 77' lang='lat' dir='ltr'>nares</span> <span class='ocrx_word' id='word_1_20' title='bbox 525 887 555 944; x_wconf 89' lang='lat' dir='ltr'>in</span> <span class='ocrx_word' id='word_1_21' title='bbox 583 886 754 942; x_wconf 69' lang='lat' dir='ltr'>Venetiam</span> <span class='ocrx_word' id='word_1_22' title='bbox 786 886 840 941; x_wconf 82' lang='lat' dir='ltr'>ubi</span> <span class='ocrx_word' id='word_1_23' title='bbox 868 884 1023 942; x_wconf 71' lang='lat' dir='ltr'>Caesarem</span> <span class='ocrx_word' id='word_1_24' title='bbox 1054 887 1187 961; x_wconf 72' lang='lat' dir='ltr'>primm</span> <span class='ocrx_word' id='word_1_25' title='bbox 1219 906 1290 944; x_wconf 73' lang='lat' dir='ltr'>esse</span> 
     </span>
     <span class='ocr_line' id='line_1_7' title="bbox 285 972 1289 1050; baseline -0.003 -18"><span class='ocrx_word' id='word_1_26' title='bbox 285 975 399 1033; x_wconf 75' lang='lat' dir='ltr'>bellum</span> <span class='ocrx_word' id='word_1_27' title='bbox 432 992 591 1050; x_wconf 77' lang='lat' dir='ltr'>gestamur</span> <span class='ocrx_word' id='word_1_28' title='bbox 623 972 802 1028; x_wconf 59' lang='lat' dir='ltr'>consubat</span> <span class='ocrx_word' id='word_1_29' title='bbox 840 991 932 1045; x_wconf 77' lang='lat' dir='ltr'>qnam</span> <span class='ocrx_word' id='word_1_30' title='bbox 964 972 1111 1047; x_wconf 74' lang='lat' dir='ltr'>p&#39;urimas</span> <span class='ocrx_word' id='word_1_31' title='bbox 1148 990 1289 1048; x_wconf 56' lang='lat' dir='ltr'>passm</span> 
     </span>
     <span class='ocr_line' id='line_1_8' title="bbox 286 1056 1288 1137; baseline -0.003 -19"><span class='ocrx_word' id='word_1_32' title='bbox 286 1076 409 1137; x_wconf 59' lang='lat' dir='ltr'>etigunt.</span> <span class='ocrx_word' id='word_1_33' title='bbox 459 1058 566 1117; x_wconf 79' lang='lat' dir='ltr'>Socios</span> <span class='ocrx_word' id='word_1_34' title='bbox 595 1058 653 1113; x_wconf 74' lang='lat' dir='ltr'>subi</span> <span class='ocrx_word' id='word_1_35' title='bbox 681 1056 722 1114; x_wconf 81' lang='lat' dir='ltr'>ad</span> <span class='ocrx_word' id='word_1_36' title='bbox 749 1056 782 1113; x_wconf 88' lang='lat' dir='ltr'>id</span> <span class='ocrx_word' id='word_1_37' title='bbox 802 1057 864 1113; x_wconf 73' lang='lat' dir='ltr'>beli</span> <span class='ocrx_word' id='word_1_38' title='bbox 866 1078 917 1112; x_wconf 76' lang='lat' dir='ltr'>nm</span> <span class='ocrx_word' id='word_1_39' title='bbox 939 1056 1095 1114; x_wconf 69' lang='lat' dir='ltr'>(lsismos,</span> <span class='ocrx_word' id='word_1_40' title='bbox 1124 1057 1288 1115; x_wconf 63' lang='lat' dir='ltr'>lexovios.</span> 
     </span>
     <span class='ocr_line' id='line_1_9' title="bbox 284 1142 1290 1239; baseline -0.004 -35"><span class='ocrx_word' id='word_1_41' title='bbox 284 1146 461 1205; x_wconf 71' lang='lat' dir='ltr'>Namnetes</span> <span class='ocrx_word' id='word_1_42' title='bbox 495 1142 687 1201; x_wconf 77' lang='lat' dir='ltr'>Ambiliatos.</span> <span class='ocrx_word' id='word_1_43' title='bbox 715 1142 862 1199; x_wconf 64' lang='lat' dir='ltr'>Morinos.</span> <span class='ocrx_word' id='word_1_44' title='bbox 890 1142 1097 1199; x_wconf 65' lang='lat' dir='ltr'>matiam.</span> <span class='ocrx_word' id='word_1_45' title='bbox 1129 1143 1290 1239; x_wconf 74' lang='lat' dir='ltr'>lenapios</span> 
     </span>
     <span class='ocr_line' id='line_1_10' title="bbox 286 1228 1290 1305; baseline -0.003 -15"><span class='ocrx_word' id='word_1_46' title='bbox 286 1232 456 1291; x_wconf 60' lang='lat' dir='ltr'>asciam:</span> <span class='ocrx_word' id='word_1_47' title='bbox 479 1228 591 1287; x_wconf 79' lang='lat' dir='ltr'>auxilia</span> <span class='ocrx_word' id='word_1_48' title='bbox 613 1248 651 1285; x_wconf 79' lang='lat' dir='ltr'>ex</span> <span class='ocrx_word' id='word_1_49' title='bbox 678 1228 848 1285; x_wconf 75' lang='lat' dir='ltr'><strong>Britannia.</strong></span> <span class='ocrx_word' id='word_1_50' title='bbox 876 1248 947 1302; x_wconf 73' lang='lat' dir='ltr'>quae</span> <span class='ocrx_word' id='word_1_51' title='bbox 974 1246 1080 1285; x_wconf 73' lang='lat' dir='ltr'>contra</span> <span class='ocrx_word' id='word_1_52' title='bbox 1108 1248 1162 1286; x_wconf 73' lang='lat' dir='ltr'>eas</span> <span class='ocrx_word' id='word_1_53' title='bbox 1190 1231 1290 1305; x_wconf 81' lang='lat' dir='ltr'>regio-</span> 
     </span>
     <span class='ocr_line' id='line_1_11' title="bbox 284 1318 733 1395; baseline -0.011 -20"><span class='ocrx_word' id='word_1_54' title='bbox 284 1336 341 1375; x_wconf 86' lang='lat' dir='ltr'>nes</span> <span class='ocrx_word' id='word_1_55' title='bbox 362 1318 462 1395; x_wconf 68' lang='lat' dir='ltr'>posita</span> <span class='ocrx_word' id='word_1_56' title='bbox 485 1332 542 1372; x_wconf 78' lang='lat' dir='ltr'>est.</span> <span class='ocrx_word' id='word_1_57' title='bbox 564 1328 733 1372; x_wconf 69' lang='lat' dir='ltr'>arces-tunt</span> 
     </span>
    </p>

    <p class='ocr_par' dir='ltr' id='par_1_4' title="bbox 285 1398 1291 2421">
     <span class='ocr_line' id='line_1_12' title="bbox 371 1398 1288 1477; baseline -0.002 -17"><span class='ocrx_word' id='word_1_58' title='bbox 371 1402 413 1460; x_wconf 73' lang='grc' dir='ltr'>Χ.</span> <span class='ocrx_word' id='word_1_59' title='bbox 459 1402 555 1458; x_wconf 82' lang='lat' dir='ltr'>Erant</span> <span class='ocrx_word' id='word_1_60' title='bbox 579 1420 624 1457; x_wconf 61' lang='grc' dir='ltr'>εει</span> <span class='ocrx_word' id='word_1_61' title='bbox 642 1399 841 1456; x_wconf 65' lang='lat' dir='ltr'>difficultates</span> <span class='ocrx_word' id='word_1_62' title='bbox 851 1399 925 1456; x_wconf 75' lang='lat' dir='ltr'>bei&#39;n·</span> <span class='ocrx_word' id='word_1_63' title='bbox 941 1398 1077 1474; x_wconf 73' lang='lat' dir='ltr'>gerencfi.</span> <span class='ocrx_word' id='word_1_64' title='bbox 1100 1420 1179 1472; x_wconf 79' lang='lat' dir='ltr'>quas</span> <span class='ocrx_word' id='word_1_65' title='bbox 1194 1421 1288 1477; x_wconf 79' lang='lat' dir='ltr'>supra</span> 
     </span>
     <span class='ocr_line' id='line_1_13' title="bbox 287 1484 1291 1547; baseline -0.003 -1"><span class='ocrx_word' id='word_1_66' title='bbox 287 1487 490 1547; x_wconf 84' lang='lat' dir='ltr'>ostendimus:</span> <span class='ocrx_word' id='word_1_67' title='bbox 525 1485 580 1544; x_wconf 81' lang='lat' dir='ltr'>sed</span> <span class='ocrx_word' id='word_1_68' title='bbox 614 1486 708 1542; x_wconf 86' lang='lat' dir='ltr'>multa</span> <span class='ocrx_word' id='word_1_69' title='bbox 742 1484 895 1542; x_wconf 65' lang='lat' dir='ltr'>Caesarem</span> <span class='ocrx_word' id='word_1_70' title='bbox 926 1500 1029 1541; x_wconf 81' lang='lat' dir='ltr'>tamen</span> <span class='ocrx_word' id='word_1_71' title='bbox 1055 1484 1096 1541; x_wconf 84' lang='lat' dir='ltr'>ad</span> <span class='ocrx_word' id='word_1_72' title='bbox 1122 1485 1156 1541; x_wconf 79' lang='lat' dir='ltr'>id</span> <span class='ocrx_word' id='word_1_73' title='bbox 1176 1486 1291 1543; x_wconf 77' lang='lat' dir='ltr'>bellum</span> 
     </span>
     <span class='ocr_line' id='line_1_14' title="bbox 285 1571 1289 1647; baseline -0.001 -15"><span class='ocrx_word' id='word_1_74' title='bbox 285 1574 469 1633; x_wconf 82' lang='lat' dir='ltr'>incitabant:</span> <span class='ocrx_word' id='word_1_75' title='bbox 515 1572 634 1647; x_wconf 74' lang='lat' dir='ltr'>injuris.»</span> <span class='ocrx_word' id='word_1_76' title='bbox 673 1588 861 1628; x_wconf 80' lang='lat' dir='ltr'>retentorum</span> <span class='ocrx_word' id='word_1_77' title='bbox 904 1572 1041 1644; x_wconf 74' lang='lat' dir='ltr'>equitum</span> <span class='ocrx_word' id='word_1_78' title='bbox 1072 1571 1289 1631; x_wconf 84' lang='lat' dir='ltr'>Romanorum.</span> 
     </span>
     <span class='ocr_line' id='line_1_15' title="bbox 286 1655 1288 1734; baseline -0.003 -16"><span class='ocrx_word' id='word_1_79' title='bbox 286 1659 412 1718; x_wconf 84' lang='lat' dir='ltr'>rebellio</span> <span class='ocrx_word' id='word_1_80' title='bbox 435 1658 517 1717; x_wconf 74' lang='lat' dir='ltr'>facta</span> <span class='ocrx_word' id='word_1_81' title='bbox 539 1674 609 1734; x_wconf 80' lang='lat' dir='ltr'>post</span> <span class='ocrx_word' id='word_1_82' title='bbox 631 1656 826 1714; x_wconf 69' lang='lat' dir='ltr'>deditionem.</span> <span class='ocrx_word' id='word_1_83' title='bbox 849 1655 982 1713; x_wconf 70' lang='lat' dir='ltr'>defectio</span> <span class='ocrx_word' id='word_1_84' title='bbox 1009 1656 1091 1713; x_wconf 81' lang='lat' dir='ltr'>datis</span> <span class='ocrx_word' id='word_1_85' title='bbox 1119 1656 1288 1715; x_wconf 73' lang='lat' dir='ltr'>obsidibus</span> 
     </span>
     <span class='ocr_line' id='line_1_16' title="bbox 286 1742 1289 1820; baseline -0.003 -17"><span class='ocrx_word' id='word_1_86' title='bbox 286 1759 333 1803; x_wconf 83' lang='lat' dir='ltr'>tot</span> <span class='ocrx_word' id='word_1_87' title='bbox 356 1744 514 1803; x_wconf 82' lang='lat' dir='ltr'>civitatum</span> <span class='ocrx_word' id='word_1_88' title='bbox 538 1744 718 1817; x_wconf 69' lang='lat' dir='ltr'>mujuratio.</span> <span class='ocrx_word' id='word_1_89' title='bbox 741 1744 773 1800; x_wconf 90' lang='lat' dir='ltr'>in</span> <span class='ocrx_word' id='word_1_90' title='bbox 802 1743 924 1819; x_wconf 74' lang='lat' dir='ltr'>primis.</span> <span class='ocrx_word' id='word_1_91' title='bbox 952 1762 991 1800; x_wconf 91' lang='lat' dir='ltr'>ne</span> <span class='ocrx_word' id='word_1_92' title='bbox 1011 1742 1069 1799; x_wconf 86' lang='lat' dir='ltr'>hae</span> <span class='ocrx_word' id='word_1_93' title='bbox 1096 1759 1185 1818; x_wconf 80' lang='lat' dir='ltr'>parte</span> <span class='ocrx_word' id='word_1_94' title='bbox 1214 1763 1289 1820; x_wconf 91' lang='lat' dir='ltr'>neg-</span> 
     </span>
     <span class='ocr_line' id='line_1_17' title="bbox 286 1827 1288 1905; baseline -0.005 -15"><span class='ocrx_word' id='word_1_95' title='bbox 286 1830 367 1890; x_wconf 78' lang='lat' dir='ltr'>lecta</span> <span class='ocrx_word' id='word_1_96' title='bbox 400 1830 527 1905; x_wconf 85' lang='lat' dir='ltr'>reliquae</span> <span class='ocrx_word' id='word_1_97' title='bbox 555 1831 693 1886; x_wconf 75' lang='lat' dir='ltr'>nationes</span> <span class='ocrx_word' id='word_1_98' title='bbox 727 1829 788 1886; x_wconf 81' lang='lat' dir='ltr'>srbi</span> <span class='ocrx_word' id='word_1_99' title='bbox 818 1828 899 1885; x_wconf 87' lang='lat' dir='ltr'>idem</span> <span class='ocrx_word' id='word_1_100' title='bbox 932 1827 1025 1885; x_wconf 82' lang='lat' dir='ltr'>licere</span> <span class='ocrx_word' id='word_1_101' title='bbox 1057 1829 1288 1887; x_wconf 85' lang='lat' dir='ltr'>arbitrarentur.</span> 
     </span>
     <span class='ocr_line' id='line_1_18' title="bbox 287 1913 1289 1991; baseline -0.003 -16"><span class='ocrx_word' id='word_1_102' title='bbox 287 1917 398 1991; x_wconf 82' lang='lat' dir='ltr'>Itaque</span> <span class='ocrx_word' id='word_1_103' title='bbox 420 1936 512 1991; x_wconf 86' lang='lat' dir='ltr'>quum</span> <span class='ocrx_word' id='word_1_104' title='bbox 534 1916 718 1990; x_wconf 83' lang='lat' dir='ltr'>intelligeret</span> <span class='ocrx_word' id='word_1_105' title='bbox 739 1933 846 1971; x_wconf 88' lang='lat' dir='ltr'>omnes</span> <span class='ocrx_word' id='word_1_106' title='bbox 867 1913 934 1971; x_wconf 83' lang='lat' dir='ltr'>fere</span> <span class='ocrx_word' id='word_1_107' title='bbox 956 1913 1064 1971; x_wconf 78' lang='lat' dir='ltr'>Gallos</span> <span class='ocrx_word' id='word_1_108' title='bbox 1084 1915 1173 1971; x_wconf 81' lang='lat' dir='ltr'>noris</span> <span class='ocrx_word' id='word_1_109' title='bbox 1194 1916 1289 1973; x_wconf 83' lang='lat' dir='ltr'>rebus</span> 
     </span>
     <span class='ocr_line' id='line_1_19' title="bbox 289 1998 1288 2073; baseline -0.002 -13"><span class='ocrx_word' id='word_1_110' title='bbox 289 2002 413 2061; x_wconf 80' lang='lat' dir='ltr'>studere</span> <span class='ocrx_word' id='word_1_111' title='bbox 447 2015 478 2059; x_wconf 87' lang='lat' dir='ltr'>et</span> <span class='ocrx_word' id='word_1_112' title='bbox 510 2000 550 2059; x_wconf 88' lang='lat' dir='ltr'>ad</span> <span class='ocrx_word' id='word_1_113' title='bbox 588 2001 700 2058; x_wconf 83' lang='lat' dir='ltr'>bellum</span> <span class='ocrx_word' id='word_1_114' title='bbox 733 2000 886 2057; x_wconf 79' lang='lat' dir='ltr'>mobiliter</span> <span class='ocrx_word' id='word_1_115' title='bbox 918 1998 1119 2073; x_wconf 76' lang='lat' dir='ltr'>celeriterque</span> <span class='ocrx_word' id='word_1_116' title='bbox 1151 2002 1288 2058; x_wconf 84' lang='lat' dir='ltr'>excitari.</span> 
     </span>
     <span class='ocr_line' id='line_1_20' title="bbox 287 2084 1288 2145; baseline 0 -2"><span class='ocrx_word' id='word_1_117' title='bbox 287 2108 393 2145; x_wconf 87' lang='lat' dir='ltr'>omnes</span> <span class='ocrx_word' id='word_1_118' title='bbox 415 2099 516 2145; x_wconf 86' lang='lat' dir='ltr'>autem</span> <span class='ocrx_word' id='word_1_119' title='bbox 538 2086 675 2143; x_wconf 84' lang='lat' dir='ltr'>homiues</span> <span class='ocrx_word' id='word_1_120' title='bbox 696 2100 806 2143; x_wconf 88' lang='lat' dir='ltr'>natura</span> <span class='ocrx_word' id='word_1_121' title='bbox 827 2086 963 2142; x_wconf 85' lang='lat' dir='ltr'>h&#39;bertati</span> <span class='ocrx_word' id='word_1_122' title='bbox 985 2084 1110 2143; x_wconf 85' lang='lat' dir='ltr'>studere</span> <span class='ocrx_word' id='word_1_123' title='bbox 1131 2099 1162 2143; x_wconf 84' lang='lat' dir='ltr'>et</span> <span class='ocrx_word' id='word_1_124' title='bbox 1185 2086 1288 2144; x_wconf 87' lang='lat' dir='ltr'>condi·</span> 
     </span>
     <span class='ocr_line' id='line_1_21' title="bbox 286 2171 1288 2247; baseline -0.002 -16"><span class='ocrx_word' id='word_1_125' title='bbox 286 2174 403 2231; x_wconf 83' lang='lat' dir='ltr'>cionem</span> <span class='ocrx_word' id='word_1_126' title='bbox 442 2172 599 2231; x_wconf 86' lang='lat' dir='ltr'>servitutis</span> <span class='ocrx_word' id='word_1_127' title='bbox 640 2171 758 2242; x_wconf 80' lang='lat' dir='ltr'>odisse,</span> <span class='ocrx_word' id='word_1_128' title='bbox 794 2171 975 2247; x_wconf 87' lang='lat' dir='ltr'>prinsquam</span> <span class='ocrx_word' id='word_1_129' title='bbox 1006 2171 1111 2247; x_wconf 84' lang='lat' dir='ltr'>plnres</span> <span class='ocrx_word' id='word_1_130' title='bbox 1144 2173 1288 2229; x_wconf 78' lang='lat' dir='ltr'>civitates</span> 
     </span>
     <span class='ocr_line' id='line_1_22' title="bbox 287 2256 1289 2337; baseline -0.002 -20"><span class='ocrx_word' id='word_1_131' title='bbox 287 2258 510 2337; x_wconf 70' lang='lat' dir='ltr'>conspirarent,</span> <span class='ocrx_word' id='word_1_132' title='bbox 540 2256 731 2334; x_wconf 87' lang='lat' dir='ltr'>partiendum</span> <span class='ocrx_word' id='word_1_133' title='bbox 765 2257 823 2314; x_wconf 86' lang='lat' dir='ltr'>s1bi</span> <span class='ocrx_word' id='word_1_134' title='bbox 856 2276 892 2313; x_wconf 87' lang='lat' dir='ltr'>ac</span> <span class='ocrx_word' id='word_1_135' title='bbox 924 2256 1018 2313; x_wconf 82' lang='lat' dir='ltr'>latius</span> <span class='ocrx_word' id='word_1_136' title='bbox 1045 2256 1289 2316; x_wconf 73' lang='lat' dir='ltr'>distribuendum</span> 
     </span>
     <span class='ocr_line' id='line_1_23' title="bbox 286 2344 603 2421; baseline -0.013 -17"><span class='ocrx_word' id='word_1_137' title='bbox 286 2344 452 2405; x_wconf 81' lang='lat' dir='ltr'>exercitum</span> <span class='ocrx_word' id='word_1_138' title='bbox 473 2344 603 2421; x_wconf 83' lang='lat' dir='ltr'>putavit.</span> 
     </span>
    </p>

    <p class='ocr_par' dir='ltr' id='par_1_5' title="bbox 283 2426 1289 3773">
     <span class='ocr_line' id='line_1_24' title="bbox 371 2426 1289 2505; baseline -0.003 -16"><span class='ocrx_word' id='word_1_139' title='bbox 371 2430 431 2489; x_wconf 86' lang='lat' dir='ltr'>XL</span> <span class='ocrx_word' id='word_1_140' title='bbox 475 2430 585 2504; x_wconf 86' lang='lat' dir='ltr'>Itaque</span> <span class='ocrx_word' id='word_1_141' title='bbox 608 2428 643 2486; x_wconf 86' lang='lat' dir='ltr'>T.</span> <span class='ocrx_word' id='word_1_142' title='bbox 656 2428 826 2486; x_wconf 82' lang='lat' dir='ltr'><strong>Labienum</strong></span> <span class='ocrx_word' id='word_1_143' title='bbox 846 2426 982 2505; x_wconf 86' lang='lat' dir='ltr'>legatum</span> <span class='ocrx_word' id='word_1_144' title='bbox 1003 2429 1035 2485; x_wconf 90' lang='lat' dir='ltr'>in</span> <span class='ocrx_word' id='word_1_145' title='bbox 1056 2428 1210 2501; x_wconf 81' lang='lat' dir='ltr'>Treviros,</span> <span class='ocrx_word' id='word_1_146' title='bbox 1234 2430 1289 2503; x_wconf 89' lang='lat' dir='ltr'>qni</span> 
     </span>
     <span class='ocr_line' id='line_1_25' title="bbox 285 2514 1288 2595; baseline -0.002 -20"><span class='ocrx_word' id='word_1_147' title='bbox 285 2516 413 2595; x_wconf 85' lang='lat' dir='ltr'>proximi</span> <span class='ocrx_word' id='word_1_148' title='bbox 435 2514 551 2573; x_wconf 87' lang='lat' dir='ltr'>flumini</span> <span class='ocrx_word' id='word_1_149' title='bbox 573 2515 681 2573; x_wconf 82' lang='lat' dir='ltr'>Rheno</span> <span class='ocrx_word' id='word_1_150' title='bbox 703 2527 786 2584; x_wconf 91' lang='lat' dir='ltr'>sunt,</span> <span class='ocrx_word' id='word_1_151' title='bbox 808 2534 879 2572; x_wconf 89' lang='lat' dir='ltr'>cnm</span> <span class='ocrx_word' id='word_1_152' title='bbox 900 2515 1038 2589; x_wconf 88' lang='lat' dir='ltr'>equitatu</span> <span class='ocrx_word' id='word_1_153' title='bbox 1059 2515 1161 2571; x_wconf 91' lang='lat' dir='ltr'>mittit.</span> <span class='ocrx_word' id='word_1_154' title='bbox 1207 2514 1288 2573; x_wconf 87' lang='lat' dir='ltr'>Huic</span> 
     </span>
     <span class='ocr_line' id='line_1_26' title="bbox 287 2599 1287 2676; baseline -0.004 -15"><span class='ocrx_word' id='word_1_155' title='bbox 287 2602 421 2676; x_wconf 85' lang='lat' dir='ltr'>mandat,</span> <span class='ocrx_word' id='word_1_156' title='bbox 439 2602 553 2659; x_wconf 86' lang='lat' dir='ltr'>Remos</span> <span class='ocrx_word' id='word_1_157' title='bbox 570 2601 764 2675; x_wconf 86' lang='lat' dir='ltr'>reliquosque</span> <span class='ocrx_word' id='word_1_158' title='bbox 774 2600 890 2676; x_wconf 83' lang='lat' dir='ltr'>Belgas</span> <span class='ocrx_word' id='word_1_159' title='bbox 906 2599 997 2657; x_wconf 87' lang='lat' dir='ltr'>adeat</span> <span class='ocrx_word' id='word_1_160' title='bbox 1019 2611 1112 2674; x_wconf 86' lang='lat' dir='ltr'>atque</span> <span class='ocrx_word' id='word_1_161' title='bbox 1132 2601 1165 2657; x_wconf 90' lang='lat' dir='ltr'>in</span> <span class='ocrx_word' id='word_1_162' title='bbox 1185 2600 1287 2658; x_wconf 88' lang='lat' dir='ltr'>officio</span> 
     </span>
     <span class='ocr_line' id='line_1_27' title="bbox 287 2685 1288 2761; baseline -0.002 -15"><span class='ocrx_word' id='word_1_163' title='bbox 287 2688 450 2761; x_wconf 87' lang='lat' dir='ltr'>contineat,</span> <span class='ocrx_word' id='word_1_164' title='bbox 480 2686 717 2761; x_wconf 80' lang='lat' dir='ltr'>Germanosque,</span> <span class='ocrx_word' id='word_1_165' title='bbox 746 2686 799 2760; x_wconf 93' lang='lat' dir='ltr'>qui</span> <span class='ocrx_word' id='word_1_166' title='bbox 825 2686 938 2743; x_wconf 80' lang='lat' dir='ltr'>auxilio</span> <span class='ocrx_word' id='word_1_167' title='bbox 965 2707 984 2743; x_wconf 89' lang='lat' dir='ltr'>a</span> <span class='ocrx_word' id='word_1_168' title='bbox 1011 2685 1118 2761; x_wconf 80' lang='lat' dir='ltr'>Belgis</span> <span class='ocrx_word' id='word_1_169' title='bbox 1147 2688 1288 2744; x_wconf 85' lang='lat' dir='ltr'>arcessiti</span> 
     </span>
     <span class='ocr_line' id='line_1_28' title="bbox 285 2770 1286 2849; baseline -0.001 -18"><span class='ocrx_word' id='word_1_170' title='bbox 285 2774 474 2845; x_wconf 78' lang='lat' dir='ltr'>dicebantur,</span> <span class='ocrx_word' id='word_1_171' title='bbox 498 2772 523 2829; x_wconf 93' lang='lat' dir='ltr'>si</span> <span class='ocrx_word' id='word_1_172' title='bbox 546 2772 677 2849; x_wconf 76' lang='lat' dir='ltr'>pervim</span> <span class='ocrx_word' id='word_1_173' title='bbox 699 2771 831 2829; x_wconf 74' lang='lat' dir='ltr'>navibus</span> <span class='ocrx_word' id='word_1_174' title='bbox 850 2770 962 2828; x_wconf 88' lang='lat' dir='ltr'>flumen</span> <span class='ocrx_word' id='word_1_175' title='bbox 984 2772 1116 2828; x_wconf 87' lang='lat' dir='ltr'>transire</span> <span class='ocrx_word' id='word_1_176' title='bbox 1128 2785 1286 2831; x_wconf 84' lang='lat' dir='ltr'>conentur.</span> 
     </span>
     <span class='ocr_line' id='line_1_29' title="bbox 285 2856 1289 2937; baseline 0 -21"><span class='ocrx_word' id='word_1_177' title='bbox 285 2858 455 2937; x_wconf 85' lang='lat' dir='ltr'>prohibeat.</span> <span class='ocrx_word' id='word_1_178' title='bbox 501 2856 535 2914; x_wconf 88' lang='lat' dir='ltr'>P.</span> <span class='ocrx_word' id='word_1_179' title='bbox 560 2856 705 2915; x_wconf 82' lang='lat' dir='ltr'>Crassum</span> <span class='ocrx_word' id='word_1_180' title='bbox 728 2876 798 2915; x_wconf 90' lang='lat' dir='ltr'>cum</span> <span class='ocrx_word' id='word_1_181' title='bbox 819 2857 998 2915; x_wconf 81' lang='lat' dir='ltr'>cohortibus</span> <span class='ocrx_word' id='word_1_182' title='bbox 1019 2857 1195 2933; x_wconf 83' lang='lat' dir='ltr'>legionariis</span> <span class='ocrx_word' id='word_1_183' title='bbox 1218 2857 1289 2916; x_wconf 85' lang='grc' dir='ltr'>ΧΠ</span> 
     </span>
     <span class='ocr_line' id='line_1_30' title="bbox 285 2941 1286 3020; baseline -0.001 -18"><span class='ocrx_word' id='word_1_184' title='bbox 285 2954 316 3002; x_wconf 89' lang='lat' dir='ltr'>et</span> <span class='ocrx_word' id='word_1_185' title='bbox 327 2962 437 3020; x_wconf 82' lang='lat' dir='ltr'>magno</span> <span class='ocrx_word' id='word_1_186' title='bbox 449 2962 574 3001; x_wconf 90' lang='lat' dir='ltr'>numero</span> <span class='ocrx_word' id='word_1_187' title='bbox 592 2942 746 3017; x_wconf 78' lang='lat' dir='ltr'>equitatus</span> <span class='ocrx_word' id='word_1_188' title='bbox 763 2942 797 2999; x_wconf 88' lang='lat' dir='ltr'>in</span> <span class='ocrx_word' id='word_1_189' title='bbox 807 2942 1006 3016; x_wconf 84' lang='lat' dir='ltr'>Aquitaniam</span> <span class='ocrx_word' id='word_1_190' title='bbox 1021 2941 1175 3019; x_wconf 90' lang='lat' dir='ltr'>proficisci</span> <span class='ocrx_word' id='word_1_191' title='bbox 1184 2943 1286 3019; x_wconf 85' lang='lat' dir='ltr'>jubet,</span> 
     </span>
     <span class='ocr_line' id='line_1_31' title="bbox 284 3026 1286 3089; baseline -0.001 -1"><span class='ocrx_word' id='word_1_192' title='bbox 284 3048 323 3089; x_wconf 87' lang='lat' dir='ltr'>nc</span> <span class='ocrx_word' id='word_1_193' title='bbox 351 3049 388 3087; x_wconf 89' lang='lat' dir='ltr'>ex</span> <span class='ocrx_word' id='word_1_194' title='bbox 416 3028 464 3087; x_wconf 89' lang='lat' dir='ltr'>his</span> <span class='ocrx_word' id='word_1_195' title='bbox 492 3028 666 3087; x_wconf 82' lang='lat' dir='ltr'>nationibus</span> <span class='ocrx_word' id='word_1_196' title='bbox 695 3026 808 3086; x_wconf 86' lang='lat' dir='ltr'>auxilia</span> <span class='ocrx_word' id='word_1_197' title='bbox 834 3029 866 3085; x_wconf 89' lang='lat' dir='ltr'>in</span> <span class='ocrx_word' id='word_1_198' title='bbox 894 3028 1026 3086; x_wconf 85' lang='lat' dir='ltr'>Galliam</span> <span class='ocrx_word' id='word_1_199' title='bbox 1057 3030 1218 3087; x_wconf 82' lang='lat' dir='ltr'>mittantur</span> <span class='ocrx_word' id='word_1_200' title='bbox 1250 3050 1286 3087; x_wconf 91' lang='lat' dir='ltr'>ac</span> 
     </span>
     <span class='ocr_line' id='line_1_32' title="bbox 284 3113 1288 3191; baseline -0.001 -17"><span class='ocrx_word' id='word_1_201' title='bbox 284 3124 379 3174; x_wconf 74' lang='lat' dir='ltr'>tanta·</span> <span class='ocrx_word' id='word_1_202' title='bbox 412 3114 551 3173; x_wconf 86' lang='lat' dir='ltr'>nationes</span> <span class='ocrx_word' id='word_1_203' title='bbox 590 3113 822 3191; x_wconf 84' lang='lat' dir='ltr'>conjungantur.</span> <span class='ocrx_word' id='word_1_204' title='bbox 885 3113 922 3184; x_wconf 85' lang='lat' dir='ltr'>Q.</span> <span class='ocrx_word' id='word_1_205' title='bbox 956 3114 1107 3173; x_wconf 74' lang='lat' dir='ltr'>&#39;liturium</span> <span class='ocrx_word' id='word_1_206' title='bbox 1140 3114 1288 3173; x_wconf 90' lang='lat' dir='ltr'>Sabinum</span> 
     </span>
     <span class='ocr_line' id='line_1_33' title="bbox 284 3200 1287 3279; baseline 0 -20"><span class='ocrx_word' id='word_1_207' title='bbox 284 3200 417 3279; x_wconf 86' lang='lat' dir='ltr'>legatum</span> <span class='ocrx_word' id='word_1_208' title='bbox 441 3220 509 3259; x_wconf 90' lang='lat' dir='ltr'>cum</span> <span class='ocrx_word' id='word_1_209' title='bbox 531 3200 702 3277; x_wconf 86' lang='lat' dir='ltr'>legionibus</span> <span class='ocrx_word' id='word_1_210' title='bbox 729 3200 829 3258; x_wconf 87' lang='lat' dir='ltr'>tribus</span> <span class='ocrx_word' id='word_1_211' title='bbox 857 3200 889 3257; x_wconf 91' lang='lat' dir='ltr'>in</span> <span class='ocrx_word' id='word_1_212' title='bbox 915 3200 1058 3273; x_wconf 83' lang='lat' dir='ltr'>Unellos,</span> <span class='ocrx_word' id='word_1_213' title='bbox 1088 3200 1287 3259; x_wconf 82' lang='lat' dir='ltr'>Ouriosolites</span> 
     </span>
     <span class='ocr_line' id='line_1_34' title="bbox 284 3286 1285 3361; baseline -0.002 -16"><span class='ocrx_word' id='word_1_214' title='bbox 284 3286 498 3361; x_wconf 84' lang='lat' dir='ltr'>Lexoviosque</span> <span class='ocrx_word' id='word_1_215' title='bbox 520 3286 623 3360; x_wconf 86' lang='lat' dir='ltr'>mittit,</span> <span class='ocrx_word' id='word_1_216' title='bbox 647 3286 698 3361; x_wconf 89' lang='lat' dir='ltr'>qui</span> <span class='ocrx_word' id='word_1_217' title='bbox 721 3305 790 3344; x_wconf 88' lang='lat' dir='ltr'>eam</span> <span class='ocrx_word' id='word_1_218' title='bbox 811 3306 934 3343; x_wconf 89' lang='lat' dir='ltr'>manum</span> <span class='ocrx_word' id='word_1_219' title='bbox 956 3286 1162 3344; x_wconf 88' lang='lat' dir='ltr'>distinendam</span> <span class='ocrx_word' id='word_1_220' title='bbox 1189 3296 1285 3345; x_wconf 90' lang='lat' dir='ltr'>curet.</span> 
     </span>
     <span class='ocr_line' id='line_1_35' title="bbox 283 3370 1287 3447; baseline -0.001 -16"><span class='ocrx_word' id='word_1_221' title='bbox 283 3371 322 3431; x_wconf 87' lang='lat' dir='ltr'>D.</span> <span class='ocrx_word' id='word_1_222' title='bbox 346 3372 476 3430; x_wconf 86' lang='lat' dir='ltr'>Brutum</span> <span class='ocrx_word' id='word_1_223' title='bbox 492 3370 717 3431; x_wconf 83' lang='lat' dir='ltr'>adolescentem</span> <span class='ocrx_word' id='word_1_224' title='bbox 735 3371 829 3430; x_wconf 85' lang='lat' dir='ltr'>classi</span> <span class='ocrx_word' id='word_1_225' title='bbox 840 3371 1028 3446; x_wconf 82' lang='lat' dir='ltr'>Gallicisque</span> <span class='ocrx_word' id='word_1_226' title='bbox 1046 3372 1186 3444; x_wconf 88' lang='lat' dir='ltr'>navibus,</span> <span class='ocrx_word' id='word_1_227' title='bbox 1209 3392 1287 3447; x_wconf 91' lang='lat' dir='ltr'>quas</span> 
     </span>
     <span class='ocr_line' id='line_1_36' title="bbox 283 3456 1285 3535; baseline 0.001 -20"><span class='ocrx_word' id='word_1_228' title='bbox 283 3476 320 3515; x_wconf 87' lang='lat' dir='ltr'>ex</span> <span class='ocrx_word' id='word_1_229' title='bbox 343 3456 520 3516; x_wconf 87' lang='lat' dir='ltr'>Pictonibus</span> <span class='ocrx_word' id='word_1_230' title='bbox 542 3465 572 3515; x_wconf 90' lang='lat' dir='ltr'>et</span> <span class='ocrx_word' id='word_1_231' title='bbox 596 3456 739 3516; x_wconf 87' lang='lat' dir='ltr'>Santonis</span> <span class='ocrx_word' id='word_1_232' title='bbox 761 3457 946 3532; x_wconf 86' lang='lat' dir='ltr'>reliquisque</span> <span class='ocrx_word' id='word_1_233' title='bbox 967 3459 1087 3535; x_wconf 87' lang='lat' dir='ltr'>pacatis</span> <span class='ocrx_word' id='word_1_234' title='bbox 1107 3458 1285 3534; x_wconf 88' lang='lat' dir='ltr'>regionibus</span> 
     </span>
     <span class='ocr_line' id='line_1_37' title="bbox 284 3542 1284 3621; baseline 0 -20"><span class='ocrx_word' id='word_1_235' title='bbox 284 3542 445 3601; x_wconf 86' lang='lat' dir='ltr'>convenire</span> <span class='ocrx_word' id='word_1_236' title='bbox 473 3542 620 3619; x_wconf 83' lang='lat' dir='ltr'>jusserat,</span> <span class='ocrx_word' id='word_1_237' title='bbox 654 3542 784 3620; x_wconf 88' lang='lat' dir='ltr'>praeficit</span> <span class='ocrx_word' id='word_1_238' title='bbox 816 3550 856 3617; x_wconf 88' lang='lat' dir='ltr'>et,</span> <span class='ocrx_word' id='word_1_239' title='bbox 890 3564 983 3618; x_wconf 92' lang='lat' dir='ltr'>quum</span> <span class='ocrx_word' id='word_1_240' title='bbox 1010 3544 1141 3620; x_wconf 91' lang='lat' dir='ltr'>primum</span> <span class='ocrx_word' id='word_1_241' title='bbox 1168 3557 1284 3621; x_wconf 87' lang='lat' dir='ltr'>posset,</span> 
     </span>
     <span class='ocr_line' id='line_1_38' title="bbox 283 3626 1285 3707; baseline 0 -20"><span class='ocrx_word' id='word_1_242' title='bbox 283 3628 312 3687; x_wconf 88' lang='lat' dir='ltr'>in</span> <span class='ocrx_word' id='word_1_243' title='bbox 336 3628 470 3689; x_wconf 85' lang='lat' dir='ltr'>Venetos</span> <span class='ocrx_word' id='word_1_244' title='bbox 492 3626 645 3706; x_wconf 87' lang='lat' dir='ltr'>proficisci</span> <span class='ocrx_word' id='word_1_245' title='bbox 662 3628 761 3705; x_wconf 88' lang='lat' dir='ltr'>jubet.</span> <span class='ocrx_word' id='word_1_246' title='bbox 806 3628 880 3705; x_wconf 91' lang='lat' dir='ltr'>Ipse</span> <span class='ocrx_word' id='word_1_247' title='bbox 902 3648 938 3687; x_wconf 89' lang='lat' dir='ltr'>eo</span> <span class='ocrx_word' id='word_1_248' title='bbox 965 3629 1160 3706; x_wconf 82' lang='lat' dir='ltr'>pedestribus</span> <span class='ocrx_word' id='word_1_249' title='bbox 1188 3630 1285 3707; x_wconf 88' lang='lat' dir='ltr'>copiis</span> 
     </span>
     <span class='ocr_line' id='line_1_39' title="bbox 283 3710 448 3773; baseline -0.012 0"><span class='ocrx_word' id='word_1_250' title='bbox 283 3710 448 3773; x_wconf 87' lang='lat' dir='ltr'>contendit.</span> 
     </span>
    </p>

    <p class='ocr_par' dir='ltr' id='par_1_6' title="bbox 282 3798 1286 4135">
     <span class='ocr_line' id='line_1_40' title="bbox 368 3798 1286 3878; baseline 0 -19"><span class='ocrx_word' id='word_1_251' title='bbox 368 3798 445 3859; x_wconf 87' lang='lat' dir='ltr'><strong>XII.</strong></span> <span class='ocrx_word' id='word_1_252' title='bbox 490 3798 588 3857; x_wconf 85' lang='lat' dir='ltr'>Erant</span> <span class='ocrx_word' id='word_1_253' title='bbox 620 3798 770 3875; x_wconf 82' lang='lat' dir='ltr'>ejusmodi</span> <span class='ocrx_word' id='word_1_254' title='bbox 801 3799 867 3858; x_wconf 83' lang='lat' dir='ltr'>fere</span> <span class='ocrx_word' id='word_1_255' title='bbox 901 3800 979 3857; x_wconf 88' lang='lat' dir='ltr'>situs</span> <span class='ocrx_word' id='word_1_256' title='bbox 1017 3800 1214 3878; x_wconf 89' lang='lat' dir='ltr'>oppidorum,</span> <span class='ocrx_word' id='word_1_257' title='bbox 1251 3810 1286 3859; x_wconf 88' lang='lat' dir='ltr'>ut</span> 
     </span>
     <span class='ocr_line' id='line_1_41' title="bbox 282 3884 1285 3965; baseline 0.004 -24"><span class='ocrx_word' id='word_1_258' title='bbox 282 3885 382 3963; x_wconf 82' lang='lat' dir='ltr'>posita</span> <span class='ocrx_word' id='word_1_259' title='bbox 404 3885 435 3943; x_wconf 93' lang='lat' dir='ltr'>in</span> <span class='ocrx_word' id='word_1_260' title='bbox 457 3884 599 3944; x_wconf 84' lang='lat' dir='ltr'>extremis</span> <span class='ocrx_word' id='word_1_261' title='bbox 621 3884 745 3962; x_wconf 83' lang='lat' dir='ltr'>lingulis</span> <span class='ocrx_word' id='word_1_262' title='bbox 772 3886 1048 3962; x_wconf 86' lang='lat' dir='ltr'>promunturiisque</span> <span class='ocrx_word' id='word_1_263' title='bbox 1074 3906 1173 3961; x_wconf 86' lang='lat' dir='ltr'>neque</span> <span class='ocrx_word' id='word_1_264' title='bbox 1200 3886 1285 3965; x_wconf 89' lang='lat' dir='ltr'>pedi·</span> 
     </span>
     <span class='ocr_line' id='line_1_42' title="bbox 282 3969 1284 4045; baseline 0.003 -18"><span class='ocrx_word' id='word_1_265' title='bbox 282 3970 341 4029; x_wconf 84' lang='lat' dir='ltr'>bus</span> <span class='ocrx_word' id='word_1_266' title='bbox 366 3970 480 4029; x_wconf 83' lang='lat' dir='ltr'>editum</span> <span class='ocrx_word' id='word_1_267' title='bbox 503 3969 659 4045; x_wconf 85' lang='lat' dir='ltr'>haberent,</span> <span class='ocrx_word' id='word_1_268' title='bbox 683 3990 777 4045; x_wconf 89' lang='lat' dir='ltr'>quum</span> <span class='ocrx_word' id='word_1_269' title='bbox 799 3990 837 4028; x_wconf 87' lang='lat' dir='ltr'>ex</span> <span class='ocrx_word' id='word_1_270' title='bbox 865 3972 928 4029; x_wconf 89' lang='lat' dir='ltr'>alto</span> <span class='ocrx_word' id='word_1_271' title='bbox 956 3991 990 4029; x_wconf 91' lang='lat' dir='ltr'>se</span> <span class='ocrx_word' id='word_1_272' title='bbox 1013 3978 1107 4030; x_wconf 81' lang='lat' dir='ltr'>aestus</span> <span class='ocrx_word' id='word_1_273' title='bbox 1128 3972 1284 4031; x_wconf 86' lang='lat' dir='ltr'>incitavis·</span> 
     </span>
     <span class='ocr_line' id='line_1_43' title="bbox 283 4052 1285 4135; baseline 0.002 -20"><span class='ocrx_word' id='word_1_274' title='bbox 283 4064 331 4115; x_wconf 85' lang='lat' dir='ltr'>set</span> <span class='ocrx_word' id='word_1_275' title='bbox 355 4052 447 4131; x_wconf 85' lang='lat' dir='ltr'>[quod</span> <span class='ocrx_word' id='word_1_276' title='bbox 470 4055 496 4113; x_wconf 90' lang='lat' dir='ltr'>is</span> <span class='ocrx_word' id='word_1_277' title='bbox 519 4054 636 4114; x_wconf 90' lang='lat' dir='ltr'>accedit</span> <span class='ocrx_word' id='word_1_278' title='bbox 659 4074 780 4133; x_wconf 88' lang='lat' dir='ltr'>semper</span> <span class='ocrx_word' id='word_1_279' title='bbox 801 4056 1022 4115; x_wconf 86' lang='lat' dir='ltr'>horarumXH</span> <span class='ocrx_word' id='word_1_280' title='bbox 1044 4055 1163 4135; x_wconf 74' lang='lat' dir='ltr'>spatiol,</span> <span class='ocrx_word' id='word_1_281' title='bbox 1186 4079 1285 4133; x_wconf 89' lang='lat' dir='ltr'>neque</span> 
     </span>
    </p>
   </div>
   <div class='ocr_carea' id='block_1_4' title="bbox 0 0 1488 4609">
    <p class='ocr_par' dir='ltr' id='par_1_7' title="bbox 0 0 1488 4609">
     <span class='ocr_line' id='line_1_44' title="bbox 0 0 1488 4609; baseline 0 1"><span class='ocrx_word' id='word_1_282' title='bbox 0 0 1488 4609; x_wconf 95' lang='lat' dir='ltr'> </span> 
     </span>
    </p>
   </div>
  </div>
 </body>
</html>
