2967 4609
565 363 686 418 LIBER
702 363 784 419 VIII.
1128 371 1187 430 159

274 559 299 617 Ι.
346 558 436 618 Omni
464 559 565 619 Gellia
594 559 715 618 devicta
737 557 842 618 Caesar
870 577 962 634 quum
991 579 1008 617 a
1031 558 1187 636 superiore

188 652 298 704 aestate
320 645 436 705 nullum
463 644 598 704 bellandi
625 652 746 722 tempus
774 643 990 703 intermisisset
1015 643 1187 721 militesque

183 731 381 790 hibernorum
414 731 515 807 quiete
553 729 677 789 reficere
716 751 734 788 a
766 724 862 790 tentis
895 729 1051 789 laboribus
1083 730 1186 806 vellet,

187 816 361 894 complures
384 815 490 876 eodem
511 824 648 894 tempore
680 816 821 876 civitates
850 835 997 876 renovare
1021 815 1093 874 belli
1116 836 1186 876 con-

187 901 256 961 silia
288 903 506 962 nuntiabantur
539 901 824 978 conjmutionesque
854 900 965 960 facere.
1018 900 1113 978 Cujus
1142 903 1186 961 rei

185 987 361 1046 verisimilis
384 1007 478 1047 causa
501 986 698 1062 efferebatur,
721 987 803 1063 quod
827 987 924 1047 Gallis
947 987 1086 1046 omnibus
1116 1007 1185 1064 cog·

185 1073 284 1132 nitnm
306 1080 390 1133 esset
415 1093 514 1149 neque
537 1074 600 1133 ulla
621 1073 866 1132 multitudinem
894 1093 987 1132 unum
1014 1073 1114 1132 locum
1137 1094 1185 1132 co-

186 1166 256 1218 acta
277 1159 380 1218 resisti
400 1179 492 1237 posse
519 1158 666 1219 Romanis
694 1179 760 1234 nec,
791 1159 817 1218 si
847 1159 969 1218 diversa
995 1158 1077 1218 bella
1107 1179 1186 1219 com-

185 1245 293 1322 plures
316 1245 421 1304 eodem
442 1253 577 1323 tempore
599 1245 775 1304 intulissent
799 1245 954 1320 civitates,
984 1244 1060 1304 satis
1084 1245 1186 1304 auxilii

186 1337 240 1388 aut
265 1330 356 1408 spatii
380 1338 432 1389 aut
455 1331 611 1409 copiarum
632 1331 807 1390 habiturum
824 1331 990 1390 exercitum
1005 1331 1110 1409 populi
1125 1330 1187 1390 Re-

184 1416 267 1474 mani
289 1416 328 1476 ad
351 1417 451 1476 omnia
471 1416 697 1494 persequenda3
720 1437 782 1476 non
805 1435 873 1476 6666
902 1423 1003 1476 autem
1031 1417 1122 1476 alicui
1144 1418 1185 1475 ci·

183 1502 273 1560 vitati
294 1509 408 1561 sortem
429 1502 610 1562 incommodi
632 1501 842 1577 recusandam,
867 1503 894 1561 si
922 1502 976 1561 tali
1003 1523 1089 1562 mora
1116 1503 1185 1564 reli-

185 1607 253 1663 quae
275 1595 402 1665 possent
422 1607 457 1647 se
480 1588 636 1648 vindicare
658 1588 689 1646 in
710 1587 892 1648 libertatem.

269 1674 315 1733 Π.
360 1673 436 1744 Qum
457 1693 496 1733 ne
519 1674 619 1752 opinio
638 1673 795 1733 Gallorum
818 1672 1056 1748 confirmaretur,
1082 1672 1186 1733 Oeesar

182 1759 227 1816 M.
250 1759 416 1818 Antonium
449 1768 633 1834 quaestorem
662 1759 726 1818 suis
759 1759 901 1837 praefecit
933 1759 1084 1832 hibernis,
1118 1759 1185 1837 ipse

183 1845 322 1918 equitum
343 1843 486 1922 praesidio
508 1845 606 1923 pridie
634 1845 705 1904 Kal.
737 1846 901 1905 Januan'as
931 1846 968 1904 ab
1000 1844 1110 1922 oppido
1133 1845 1184 1902 Bi-

127 1949 131 1959 ·
180 1931 290 1990 bracte
311 1929 515 2008 proficiscitur
537 1930 576 1990 ad
598 1931 748 2008 legionem
770 1931 876 2004 XIII,
901 1950 991 2006 quam
1012 1930 1185 2008 nonllonge

182 2038 202 2076 a
223 2015 335 2075 finibus
357 2015 546 2075 Haeduorum
577 2016 780 2076 collocaverat
807 2017 839 2076 in
867 2014 979 2075 finibus
1001 2015 1183 2093 Biturigum,

181 2103 272 2178 eique
294 2100 433 2179 adjungit
454 2102 604 2180 legionem
620 2103 691 2177 XL,
710 2122 778 2179 quse
794 2103 932 2180 proxima
953 2102 1063 2162 fuerat.
1097 2101 1184 2160 Binis

187 2188 364 2247 cohortibus
411 2187 450 2246 ad
491 2188 707 2266 impedimenta
733 2188 859 2248 tuende
891 2188 1005 2248 relictis
1038 2188 1187 2264 reliquum

184 2273 350 2334 exercitum
372 2273 403 2332 in
426 2275 651 2352 copiosissimos
674 2294 765 2353 agros
790 2275 963 2352 Biturigum
980 2273 1111 2348 inducit,
1136 2273 1188 2350 qui

184 2379 278 2435 quum
309 2359 389 2418 latos
421 2358 497 2419 fines
531 2367 562 2418 et
594 2361 751 2438 complura
778 2361 890 2439 oppida
917 2361 1074 2434 haberent,
1097 2358 1188 2417 unius

184 2445 316 2524 legionis
338 2445 474 2504 bibernis
501 2466 563 2505 non
584 2453 748 2525 potuerant
775 2447 936 2521 contineri,
972 2446 1045 2521 quin
1072 2443 1185 2504 bellum

182 2538 331 2610 pararent
353 2530 637 2608 conjurationesqub'
659 2531 805 2592 facerent.

273 2616 335 2676 ΙΠ.
380 2616 551 2695 Repentino
564 2618 698 2679 adventu
712 2617 842 2677 Caesaris
855 2615 974 2692 accidit,
998 2615 1080 2692 quod
1091 2615 1184 2693 impa-

185 2703 263 2762 ratis
286 2702 484 2779 disjectisque
507 2703 646 2763 accidere
673 2703 733 2762 fuit
760 2722 897 2778 necesse,
927 2710 961 2760 ut
989 2702 1054 2761 sine
1081 2701 1188 2760 timore

184 2789 248 2846 ullo
265 2809 337 2847 rura
353 2789 487 2848 colentes
504 2788 589 2867 prins
607 2791 645 2850 ab
663 2789 800 2865 equitatu
817 2787 1074 2867 opprimerentur,
1098 2807 1189 2863 quam

184 2872 351 2950 confugere
371 2874 404 2932 in
427 2874 538 2952 oppida
559 2882 694 2952 possent.
739 2875 879 2950 Namque
902 2875 993 2934 etiem
1020 2872 1096 2932 illud
1123 2873 1188 2934 vul·

186 2980 262 3036 gare
284 2960 465 3019 incursionis
488 2961 620 3020 hostium
642 2962 777 3039 signum,
807 2961 888 3037 quod
916 2960 1065 3020 incendiis
1096 2955 1188 3019 aedifi-

186 3046 303 3104 ciorum
336 3045 465 3123 intelligi
494 3047 662 3122 consvevit,
697 3047 829 3106 Oaesaris
862 3046 894 3105 id
927 3053 993 3106 erat
1026 3043 1186 3104 interdicto

184 3131 349 3206 sublatum,
371 3151 410 3189 ne
432 3139 485 3190 aut
507 3132 595 3209 copia
621 3133 726 3210 pabuli
760 3131 984 3208 frumentique,
1008 3133 1034 3190 si
1066 3130 1187 3206 longius

183 3215 329 3295 progredi
350 3217 458 3292 vellet,
488 3216 684 3293 deficeretur,
713 3225 766 3277 aut
795 3217 899 3277 hostes
922 3216 1070 3276 incendiis
1092 3222 1187 3274 terre-

184 3309 301 3362 rentur.
346 3303 452 3361 Mnltis
475 3302 629 3362 hominum
651 3304 773 3364 milibus
797 3303 894 3381 captis
922 3302 1079 3382 perterriti
1100 3301 1187 3359 Bitu-

185 3390 278 3466 riges,
303 3388 354 3464 qui
376 3389 508 3466 primum
530 3388 694 3450 adventum
720 3395 884 3467 potuerant
912 3387 1051 3465 effugere
1077 3386 1188 3445 Roma-

186 3494 304 3549 norum,
327 3474 360 3532 in
381 3473 526 3534 finitimas
549 3475 689 3535 civitates
713 3483 766 3535 aut
793 3475 922 3554 privatis
949 3473 1090 3552 hospitiis
1119 3492 1189 3532 con-

186 3558 238 3619 fisi
261 3567 315 3618 aut
338 3561 483 3620 societate
512 3560 705 3622 consiliorum
734 3561 934 3638 confugerant
961 3560 1090 3634 frustra,
1120 3578 1190 3617 nam

187 3645 297 3704 Caesar
334 3647 454 3723 magnis
493 3647 653 3706 itineribus
687 3647 826 3706 omnibus
860 3646 935 3706 locis
969 3646 1102 3705 occurrit
1133 3663 1190 3702 nec

187 3730 243 3789 dat
268 3731 322 3789 ulli
345 3731 462 3791 civitati
484 3733 617 3810 spatium
640 3733 678 3792 de
708 3734 806 3792 aliena
833 3732 935 3810 potius
964 3729 1114 3808 quamde
1138 3728 1190 3786 do·

186 3816 318 3876 mestica
340 3817 440 3875 salute
463 3817 630 3894 cogitandi3
663 3839 723 3895 qua
752 3819 907 3878 celeritate
936 3826 967 3877 et
987 3816 1094 3876 fideles
1117 3814 1189 3873 emi·

186 3921 241 3961 cos
265 3903 416 3961 retinebat
438 3910 468 3962 et
491 3903 666 3964 dubitantes
689 3911 805 3964 terrore
828 3903 867 3964 ad
890 3903 1081 3962 condiciones
1103 3899 1189 3978 pacis

185 3987 370 4047 adducebat.
421 3989 488 4048 Tali
517 3989 695 4049 condicione
729 3989 887 4069 proposita
914 3987 1070 4064 Bituriges
1099 4005 1190 4062 quum

184 4073 248 4132 sibi
270 4073 411 4133 viderent
431 4075 592 4134 clementia
616 4075 748 4136 Oaesaris
770 4076 901 4135 reditum
930 4079 1035 4152 putere
1062 4073 1094 4130 in
1123 4071 1190 4148 ejus
