2967 4609
132 394 134 397 .
237 361 298 418 144
550 351 602 404 nn
620 349 748 404 nunno
767 338 936 404 stimmo

235 548 308 624 gilia
337 554 479 622 quattuor
512 546 594 604 milia
622 566 768 623 passuum
797 546 931 604 secundo
960 544 1083 604 flumine
1113 545 1238 604 silentio

234 631 378 712 progredi
406 632 510 707 ibique
533 651 566 689 se
590 632 744 709 expectari
764 631 861 708 jubet.
914 631 1055 707 Quinque
1083 631 1236 707 cohortes,

236 739 312 795 quas
345 718 467 776 minime
499 716 603 776 firmas
637 717 677 777 ad
708 717 914 776 dimicandum
937 737 1005 776 csse
1029 717 1236 790 existimabat,

236 805 344 864 castris
367 803 510 881 praesidio
533 803 693 878 relinquit;
718 804 850 878 quinque
874 803 1012 879 ejusdcm
1034 803 1164 882 legionis
1186 825 1238 862 re-

234 892 334 966 liquas
363 890 401 948 de
431 889 531 947 media
558 898 647 947 nocte
677 910 746 948 cum
775 889 913 947 omuibus
937 889 1160 967 impedimentis
1183 891 1240 948 ad-

236 996 326 1036 verso
348 975 470 1034 flumine
493 996 602 1051 magno
625 975 756 1033 tumultu
784 974 937 1053 proficisci
959 977 1104 1052 'imperat
1157 974 1239 1034 Con-

234 1063 327 1138 quirit
350 1063 441 1120 etiam
462 1061 583 1134 lintrcs;
607 1062 663 1119 has
685 1081 795 1137 magno
819 1061 920 1119 sonitu
948 1081 1099 1120 remorum
1127 1061 1239 1120 incita-

233 1155 282 1206 tas
304 1149 335 1205 in
358 1147 485 1206 eandem
507 1154 625 1224 partem
646 1147 749 1205 mittit.
784 1146 857 1224 Ipse
880 1153 958 1224 post,
972 1147 1095 1224 paulum
1113 1146 1238 1208 silentio

235 1228 378 1310 egressus
401 1253 470 1291 cum
491 1233 590 1290 tribus
620 1233 791 1310 legionibus
826 1251 895 1290 euin
923 1233 1024 1292 locum
1051 1232 1143 1310 petit,
1174 1251 1237 1308 quo

235 1339 330 1379 naves
353 1318 465 1396 appelli
484 1317 629 1394 jusserat.

319 1405 406 1462 LXI.
441 1404 486 1462 Eo
511 1424 603 1479 quum
616 1411 698 1462 esset
710 1411 844 1478 ventum,
869 1403 1076 1480 exploratores
1090 1403 1234 1479 hostium,

234 1499 268 1548 ut
290 1491 370 1549 omni
391 1488 522 1548 fluminis
544 1497 631 1566 parte
653 1498 739 1549 erant
762 1489 911 1567 dispositi,
927 1481 1129 1582 inopinantes,
1148 1491 1238 1564 quod

235 1597 344 1652 magna
372 1575 473 1634 subito
501 1583 566 1633 erat
597 1583 699 1634 coorta
727 1581 904 1654 tempestae,
929 1575 1104 1634 abnostris
1133 1576 1234 1653 oppri-

234 1669 370 1735 muntur,
396 1661 547 1720 exercitus
570 1662 784 1737 equitatusque
806 1662 959 1736 equitibus
971 1661 1117 1719 Romanis
1131 1661 1226 1720 admi-

234 1748 443 1821 nistrantibus,
468 1767 543 1823 quos
567 1747 594 1806 ei
616 1749 736 1824 negotio
756 1747 947 1825 praefecerat,
972 1747 1111 1806 celeriter
1133 1754 1234 1805 trans-

234 1834 373 1892 mittitur.
420 1833 487 1892 Uno
510 1832 574 1891 iere
596 1841 733 1911 tempore
757 1834 813 1891 sub
836 1834 935 1891 lucem
957 1833 1097 1892 hostibus
1115 1835 1236 1892 nuntia-

234 1927 284 1977 tur
305 1920 336 1977 in
360 1919 469 1977 eastris
487 1919 694 1977 Romanorum
715 1927 829 1996 praeter
852 1918 1101 1978 consuetudinem
1123 1920 1235 1977 tumul-

234 2006 314 2063 tuari
337 2013 368 2062 et
389 2025 532 2081 magnum
553 2005 598 2063 ire
621 2025 731 2082 agmen
754 2005 882 2065 adverso
906 2003 1029 2062 flumine
1042 2005 1235 2080 sonitumque

234 2091 439 2148 remorumin
461 2090 567 2149 eadem
589 2090 836 2167 parteexaudiri
861 2098 892 2148 et
912 2091 1003 2168 paulo
1026 2089 1106 2148 inira
1122 2091 1236 2149 milites

233 2175 364 2234 navibus
387 2176 598 2253 transportari.
645 2176 762 2247 Quibus
790 2178 882 2234 rebus
911 2176 1033 2251 auditis,
1065 2176 1146 2252 quod
1169 2177 1232 2235 exi-

235 2261 399 2320 stimabant
428 2262 526 2322 tribus
558 2262 634 2320 locis
667 2262 798 2320 transire
831 2261 967 2338 legiones
1002 2268 1093 2337 atque
1128 2282 1244 2321 omnes.

234 2348 429 2424 perturbatos
453 2346 625 2406 defectione
654 2348 842 2406 Haeduorum
870 2346 976 2424 fugam
1004 2367 1129 2424 parare,
1159 2367 1233 2406 suas

236 2453 356 2509 quoque
390 2434 493 2510 copias
526 2433 558 2490 in
591 2440 655 2492 tres
687 2440 791 2511 partes
827 2433 1054 2491 distribuerunt.
1099 2433 1178 2492 Nam
1202 2441 1235 2492 et

235 2520 378 2597 praesidio
402 2540 418 2578 e
448 2520 572 2595 regione
605 2527 776 2578 castrorum
809 2519 915 2577 relicto
950 2526 980 2577 et
1013 2540 1109 2596 parva
1141 2540 1234 2578 manu

236 2605 432 2663 Melodunum
465 2625 574 2664 versus
607 2605 721 2679 missa,
746 2625 812 2680 quae
846 2611 964 2662 tantum
986 2604 1234 2681 progrederetur,

236 2699 382 2764 quantum
403 2710 498 2750 naves
520 2691 753 2767 processissent,
777 2691 909 2765 reliquas
928 2690 1031 2766 copias
1050 2698 1154 2749 contra
1173 2691 1235 2749 La-

235 2776 359 2834 bienum
381 2777 540 2834 duxerunt.

320 2861 426 2919 LXII.
461 2861 563 2920 Prima
583 2862 651 2920 luce
674 2869 704 2920 et
726 2862 823 2920 nostri
847 2880 950 2920 omnes
973 2869 1060 2920 erant
1077 2869 1235 2940 transpor-

236 2947 293 3004 tati
316 2954 346 3005 et
367 2947 500 3006 hostium
522 2947 604 3006 acies
628 2949 818 3006 cernebatur.
864 2947 1019 3006 Labienus
1042 2948 1152 3006 milites
1182 2969 1233 3007 co-

236 3032 384 3108 hortatus,
407 3040 441 3091 ut
464 3052 528 3090 suae
555 3032 693 3110 pristinae
715 3033 838 3092 virtutis
868 3039 899 3091 et
924 3039 971 3090 tot
1000 3033 1235 3094 secundissimo—

235 3139 302 3176 rum
324 3119 499 3197 proeliorum
520 3119 686 3178 retinerent
715 3119 890 3178 memoriam
917 3124 1008 3193 atque
1035 3119 1137 3196 ipsum
1169 3119 1235 3178 an—

236 3223 345 3279 sarem,
370 3204 457 3281 cujus
469 3205 564 3263 ductu
575 3225 785 3282 saepenumero
802 3205 906 3264 hostes
925 3211 1131 3281 superassent,
1155 3225 1235 3283 prae-

238 3298 355 3349 sentem
377 3291 486 3349 adesse
509 3291 725 3365 existimarent,
756 3290 809 3349 dat
838 3291 957 3366 signum
980 3291 1087 3368 praelii.
1132 3291 1235 3350 Primo

237 3395 387 3435 concursu
410 3378 447 3435 ab
471 3376 577 3435 dextro
607 3397 710 3451 cornu,
741 3377 795 3434 ubi
818 3376 952 3454 septima
981 3377 1060 3452 legio
1089 3377 1235 3436 constite—

236 3469 293 3535 rat,
317 3463 421 3525 hostes
443 3462 597 3539 pelluntur
627 3469 717 3537 atque
751 3463 782 3520 in
811 3461 916 3538 fugam
944 3461 1159 3538 conjiciuntur,
1196 3464 1234 3521 ab

238 3546 370 3622 sinistro,
409 3567 497 3622 quem
525 3548 626 3627 lpcum
649 3547 829 3607 duodecima
861 3547 939 3624 legio
973 3548 1107 3623 tenebat,
1143 3569 1236 3623 quum

236 3632 325 3709 primi
347 3633 468 3692 ordines
491 3633 623 3692 hostium
645 3633 785 3692 transfixi
806 3633 876 3692 telis
895 3633 1109 3708 concidissent,
1133 3639 1235 3692 tamen

238 3719 383 3777 acerrime
394 3719 503 3794 reliqui
519 3720 713 3794 resistebant,
737 3739 794 3778 nec
813 3720 907 3777 dabat
925 3719 1129 3797 suspicionem
1151 3719 1234 3796 fugae

238 3805 406 3880 quisquam.
452 3805 525 3882 Ipse
554 3805 615 3862 dux
643 3804 776 3863 hostium
808 3797 1037 3882 Camulogenus
1067 3805 1130 3864 suis
1164 3805 1234 3864 ade-

236 3882 285 3948 rat
307 3898 398 3966 atque
421 3910 474 3949 eos
498 3891 721 3948 cohortabatur.
774 3890 897 3949 Incerto
925 3909 1005 3949 nunc
1034 3891 1124 3950 etiarn
1153 3892 1236 3950 exitu

236 3975 383 4050 victoriae,
407 3996 499 4050 quum
528 3975 665 4053 septimae
690 3975 819 4053 legionis
847 3976 976 4035 tribunis
1005 3983 1088 4036 esset
1115 3977 1234 4035 nuntia-

238 4066 311 4136 tum,
335 4081 403 4136 quae
426 4062 458 4120 in
481 4062 604 4120 sinistro
627 4081 722 4120 cornu
745 4068 932 4139 gererentur,
956 4070 1027 4140 post
1045 4070 1165 4140 tergum
1181 4064 1234 4121 ho-
