2967 4609
627 342 748 398 LIBER
766 342 789 398 Ι.
1202 353 1222 408 9

193 558 264 616 quae
287 540 320 599 in
342 545 494 600 conventu
517 538 643 597 dixerat.
700 537 785 597 Dioit
806 536 932 596 liberius
955 544 1046 614 atque
1069 538 1223 599 audacius.

190 625 308 684 Eadem
331 628 449 683 secreto
473 624 510 681 ab
535 624 602 683 aliis
625 624 748 699 quaerit3
772 622 887 702 reperit
908 642 977 683 esse
999 643 1088 684 vera:
1117 624 1224 701 Ipsum

191 729 260 771 esse
288 708 507 786 Dumnorigem
537 728 655 768 summa
686 708 823 783 audacia,
857 729 969 786 magna
996 708 1078 786 apud
1104 710 1224 788 plebem

190 802 317 875 propter
355 794 569 855 liberalitatem
607 794 707 871 gratia
747 794 889 873 cupidum
927 814 1028 853 rerum
1061 813 1222 870 novarum3

192 881 362 959 complures
402 900 496 941 annos
529 880 665 958 portoria
696 878 873 955 reliquaque
907 879 1007 938 omnia
1038 879 1226 941 Haeduorum

191 965 355 1043 vectigalia
382 986 477 1045 parvo
505 966 603 1042 pretio
626 963 785 1044 redempta
807 965 929 1039 habere,
958 972 1121 1043 propterea
1144 966 1225 1041 quod

192 1052 243 1111 illo
277 1052 388 1111 licente
422 1058 527 1110 contra
560 1050 645 1110 liceri
679 1050 792 1110 audeat
823 1070 920 1110 nemo.
977 1050 1035 1109 His
1068 1051 1161 1109 rebus
1195 1059 1226 1110 et

192 1156 278 1197 suam
310 1156 375 1196 rem
407 1134 587 1195 familiarem
621 1135 742 1195 auxisse
776 1143 808 1195 et
835 1135 999 1195 facultates
1028 1135 1067 1194 ad
1094 1136 1224 1213 largien-
1302 1176 1312 1188 ·

192 1222 263 1281 dum
296 1240 422 1299 magnas
456 1238 664 1301 comparasse3
705 1241 848 1298 magnum
881 1240 1038 1280 numerum
1072 1222 1225 1296 equitatus

193 1327 248 1367 suo
283 1314 405 1386 sumptu
438 1326 559 1386 semper
587 1306 668 1365 alere
702 1314 732 1365 et
766 1306 880 1365 circum
907 1326 941 1365 se
970 1306 1094 1381 habere,
1127 1326 1226 1383 neque

195 1394 293 1453 solum
327 1393 416 1468 domi,
451 1392 507 1452 sed
537 1392 627 1451 etiam
658 1392 738 1471 apud
766 1390 910 1451 finitimas
939 1391 1079 1452 civitates
1101 1392 1227 1469 largiter

196 1498 317 1557 posse,
335 1485 426 1554 atque
459 1477 550 1554 hujus
579 1477 724 1557 potentiae
755 1496 849 1537 causa
874 1483 1002 1536 matrem
1028 1477 1059 1535 in
1081 1477 1227 1555 Biturigi-

195 1564 254 1623 bus
289 1562 402 1622 homini
420 1562 497 1622 'illic
525 1562 712 1622 nobilissimo
742 1582 777 1621 ac
807 1562 1017 1640 potentissimo
1045 1563 1226 1637 collocasse;

193 1650 293 1727 ipsum
326 1668 364 1707 ex
391 1648 545 1708 Helvetiis
578 1668 703 1719 uxorem
736 1648 858 1723 habere,
893 1667 1027 1707 sororem
1061 1668 1098 1706 ex
1131 1657 1227 1708 matre

194 1742 226 1794 et
247 1734 433 1812 propinquas
463 1752 535 1794 suas
564 1740 691 1812 nuptum
718 1732 750 1791 in
779 1733 854 1793 alias
878 1733 1020 1794 civitates
1043 1733 1224 1806 collocasse3

192 1818 297 1879 favere
342 1826 372 1877 et
417 1838 527 1898 cupere
571 1818 722 1879 Helvetiis
766 1825 891 1895 propter
930 1836 997 1877 eam
1036 1816 1224 1893 affinitatem,

193 1904 295 1965 odisse
329 1904 420 1963 etiam
454 1924 508 1964 suo
541 1904 661 1963 nonnae
696 1902 849 1963 Gaesarem
882 1911 913 1962 et
945 1902 1109 1976 Romanoa,
1145 1904 1226 1980 quod

193 2010 296 2049 eorum
324 1986 457 2050 adventu
485 1990 622 2068 potentia
645 1988 711 2066 ejus
734 1989 891 2048 deminuta
914 1995 945 2046 et
966 1988 1139 2049 Divitiaous
1162 1988 1223 2048 fra-

192 2082 240 2135 ter
272 2076 303 2135 in
337 2074 493 2151 antiquum
525 2076 625 2134 locum
657 2074 765 2152 gratia
796 2082 887 2150 atque
915 2074 1039 2133 honoris
1068 2074 1109 2132 sit
1136 2076 1225 2133 resti-

191 2161 287 2220 tutus.¹
344 2159 376 2219 Si
406 2159 478 2235 quid
507 2159 626 2220 accidat
647 2159 804 2235 Romanis,
834 2179 981 2219 summam
1011 2160 1042 2218 in
1065 2178 1151 2237 spem
1172 2180 1228 2237 per

193 2246 355 2305 Helvetios
377 2246 463 2324 regni
491 2244 648 2305 obtinendi
669 2246 787 2319 venire;
817 2245 848 2304 in
875 2245 1001 2324 imperio
1030 2245 1135 2323 populi
1163 2245 1225 2304 Ro-

193 2330 275 2391 mani
308 2350 368 2391 non
396 2330 484 2390 modo
513 2331 551 2391 de
573 2350 677 2409 reguo,
712 2331 767 2391 sed
794 2331 885 2390 etiarn
912 2330 950 2390 de
974 2349 1019 2404 ea,
1054 2350 1144 2406 quam
1173 2331 1226 2389 ha-

194 2417 280 2493 beat,
314 2416 413 2493 gratia
440 2413 612 2495 desperare.
668 2415 854 2494 Reperiebat
881 2415 972 2474 etiam
998 2415 1030 2472 in
1064 2414 1226 2489 quaerendo

199 2500 317 2576 Caesar,
360 2501 440 2576 quod
472 2502 612 2580 proelium
646 2507 788 2575 equestre
822 2500 984 2560 adversum
1016 2499 1122 2576 paucis
1156 2507 1227 2558 ante

196 2586 304 2646 diebus
334 2592 418 2646 esset
446 2585 569 2662 factum,
603 2586 721 2645 initium
751 2584 818 2661 ejus
845 2584 927 2662 fugae
955 2583 1070 2643 factum
1093 2605 1111 2643 a
1132 2584 1226 2643 Dum-

197 2672 302 2749 norige
333 2678 424 2747 atque
453 2672 519 2749 ejus
550 2671 702 2748 equitibus
736 2670 818 2742 (nam
845 2670 1002 2747 equitatui,
1032 2690 1121 2746 quem
1143 2671 1226 2729 auxi·

195 2757 235 2817 lio
265 2756 380 2816 Caesari
407 2756 520 2817 Haedui
552 2758 707 2831 miserant,
741 2757 910 2816 Dumnorix
943 2764 1088 2833 praeerat;
1123 2774 1227 2816 eorum

195 2842 269 2919 fuga
291 2842 440 2917 reliquum
463 2862 532 2902 esse
555 2842 723 2918 equitatum
745 2842 949 2920 perterritum.

281 2926 372 2987 XIX.
407 2926 547 2999 'Quibus
569 2929 661 2986 rebus
692 2928 832 3004 cognitis,
867 2947 958 3003 quum
987 2926 1026 2985 ad
1048 2927 1104 2984 has
1127 2926 1225 3004 suspi-

196 3013 298 3073 ciones
333 3012 509 3073 certissimae
543 3032 593 3073 res
628 3012 819 3087 accederent,
860 3011 941 3089 quod
973 3031 1028 3090 per
1060 3010 1137 3070 fines
1171 3010 1225 3069 Se-

191 3116 362 3175 quanorum
388 3097 548 3158 Helvetios
579 3097 776 3173 traduxisset,
805 3097 888 3174 quod
915 3095 1038 3155 obsides
1065 3096 1145 3155 inter
1172 3114 1225 3153 eos

194 3182 312 3242 dandos
340 3190 487 3259 curasset,
522 3183 602 3259 quod
632 3202 668 3243 ea
696 3184 796 3243 omnia
822 3202 883 3241 non
910 3181 999 3241 modo
1027 3180 1148 3257 injussu
1170 3198 1225 3239 suo

196 3276 227 3327 et
255 3268 397 3343 civitatis,
432 3268 487 3329 sed
516 3269 607 3328 etiam
634 3268 835 3327 inscientibus
862 3266 939 3345 ipsis
972 3265 1107 3339 lecisset,
1143 3265 1224 3341 quod

196 3374 214 3413 a
247 3352 428 3431 magistratu
456 3353 644 3413 Haeduorum
677 3360 882 3427 accusaretur,
917 3351 993 3411 satis
1027 3370 1097 3411 esse
1124 3371 1225 3410 causae

194 3438 410 3513 arbitrabatur,
446 3458 540 3514 quare
569 3440 600 3498 in
623 3458 691 3498 eum
715 3445 767 3497 aut
787 3439 854 3517 ipse
876 3436 1141 3511 animadverteret,
1176 3444 1228 3495 aut

194 3524 350 3583 civitatem
388 3523 628 3585 animadvertere
663 3524 796 3601 juberet.
858 3524 918 3582 His
956 3522 1095 3581 omnibus
1134 3522 1226 3581 rebus

194 3628 287 3667 unum
315 3610 516 3687 repugnabat,
548 3609 630 3686 quod
650 3609 797 3669 Divitiaci
823 3608 928 3668 fratris
950 3628 1099 3668 summum
1120 3607 1152 3666 in
1173 3626 1226 3684 po·
1312 3643 1315 3647 -

191 3693 297 3772 pulum
329 3693 500 3755 Romanum
534 3695 681 3770 studium,
717 3712 864 3754 summam
897 3695 929 3753 in
962 3714 996 3753 se
1028 3693 1225 3765 voluntatem,
1291 3750 1296 3755 ,

105 3806 111 3815 ·
193 3778 348 3856 egregiam
391 3778 496 3855 fidem,
538 3780 705 3856 justitiam,
751 3779 982 3857 temperantiam
1026 3783 1225 3853 cognoveram

191 3882 277 3939 uam,
316 3884 356 3923 ne
396 3864 462 3942 ejus
504 3864 652 3945 supplicio
686 3864 832 3925 Divitiaci
871 3864 1003 3923 animum
1046 3860 1225 3936 offenderet,

162 3994 164 3997 -
191 3950 368 4009 verebatur.
424 3950 534 4027 Itaque
562 3950 646 4029 prius
670 3968 761 4026 quam
783 3950 944 4025 quicquam
967 3953 1137 4021 conaretur,
1153 3988 1156 3993 -
1171 3946 1225 4004 Di·

190 4032 337 4094 vitiacum
370 4033 409 4094 ad
437 4054 470 4096 se
497 4035 601 4097 vocari
626 4034 716 4112 jubet
744 4042 775 4094 et
802 4033 986 4110 quotidianis
1008 4032 1225 4108 interpretibus
