2967 4609
612 361 732 415 LIBER
749 361 814 416 VII.
1145 373 1205 430 153

197 564 322 631 rantur,
345 557 501 634 ignoratis,
520 556 664 634 respicite
680 555 838 616 finitimam
851 555 989 633 Galliam,
1009 577 1077 634 quae
1095 561 1125 618 in
1136 581 1205 638 pro·

157 711 161 717 ,
200 644 336 703 vinciam
357 643 492 717 redacta,
511 642 582 719 jure
605 650 636 702 et
662 641 782 719 legibus
811 644 1018 720 commutatis,
1048 647 1206 706 securibus
1291 639 1292 642 ¹

201 729 346 806 subjecta
366 730 514 806 perpetua
535 729 682 806 premitur
704 729 860 790 servitute.

292 815 477 873 LXXVIII.
513 813 678 873 Sententiis
708 814 798 873 dictis
824 814 1020 890 constituunt,
1047 823 1080 874 ut
1100 816 1131 892 ii,
1155 818 1207 893 qui

203 901 382 961 valetudine
404 907 457 959 aut
478 907 568 958 aetate
590 900 713 959 inutiles
726 901 788 960 sint
803 900 893 975 bello,
917 899 1027 978 oppido
1046 903 1205 978 excedant,
1254 956 1257 963 .

207 994 300 1062 atque
323 986 423 1046 omnia
443 987 528 1064 prius
551 985 754 1064 experiantur,
779 1005 870 1060 quam
893 985 932 1044 ad
945 985 1114 1064 Critognati
1137 1008 1204 1048 sen-

203 1073 332 1132 tentiam
355 1071 543 1131 descendant
550 1092 557 1145 3
580 1072 632 1130 illo
655 1079 757 1131 tamen
777 1072 881 1153 potius
905 1071 1052 1132 utendum
1070 1074 1204 1150 consilio,

106 1232 109 1234 v
206 1159 305 1218 sires
329 1165 418 1235 cogat
440 1164 531 1232 atque
554 1157 665 1216 auxilia
687 1163 973 1232 morentur,1quam
1004 1165 1056 1218 aut
1078 1158 1204 1219 deditio-

204 1245 255 1302 nis
288 1251 340 1302 aut
368 1243 454 1321 pacis
482 1243 671 1302 subeundam
699 1243 915 1303 condicionem.
966 1243 1131 1321 Mandubii,
1156 1247 1207 1322 qui

206 1349 260 1388 eos
283 1329 393 1407 oppido
416 1336 604 1406 receperant,
629 1349 697 1387 cum
718 1329 823 1389 liberis
847 1335 937 1405 atque
960 1330 1105 1390 uxoribus
1124 1333 1205 1390 exire

206 1423 365 1492 coguntur.
409 1415 451 1472 Hi
480 1434 572 1489 quum
600 1415 639 1473 ad
666 1415 849 1474 munitiones
871 1415 1075 1488 Romanorum
1104 1437 1206 1477 acces·

207 1501 331 1577 sissent,
353 1499 462 1561 flentes
485 1501 624 1559 omnibus
646 1501 789 1578 precibus
812 1502 949 1576 orabant,
978 1509 1012 1560 ut
1034 1523 1067 1562 se
1089 1503 1121 1561 in
1144 1523 1205 1563 ser·
1257 1515 1258 1522 ’

206 1587 335 1647 vitutem
362 1592 502 1662 receptos
531 1587 597 1646 cibo
627 1585 782 1662 juvarent.
838 1587 881 1645 At
910 1586 1013 1647 Caesar
1049 1589 1205 1667 dispositis

206 1674 240 1732 in
261 1673 341 1732 vallo
366 1671 544 1731 custodibus
566 1673 662 1750 recipi
682 1672 872 1750 prohibebat.
1259 1711 1262 1716 -

154 1771 156 1773 '
292 1758 444 1817 LXXIX.
490 1759 614 1817 Interea
626 1757 778 1816 Commius
791 1758 958 1834 reliquique
971 1759 1074 1834 duces,
1095 1759 1204 1835 quibus

209 1863 327 1903 summa
349 1844 467 1921 imperii
494 1845 644 1921 permissa
671 1851 746 1919 erat,
782 1863 848 1902 cum
878 1844 1016 1904 omnibus
1045 1845 1140 1922 copiis
1169 1846 1208 1904 ad

207 1930 343 1989 Alesiam
376 1931 557 2008 perveniunt
596 1938 626 1989 et
660 1930 736 1988 colle
776 1929 925 1988 exteriore
966 1937 1113 2008 occupato
1147 1951 1208 1990 non

207 2016 327 2093 longius
349 2017 383 2074 M
409 2016 552 2092 passibus
580 2017 618 2074 ab
647 2016 761 2074 nostris
789 2015 1004 2074 munitionibus
1036 2017 1206 2076 considunt.

208 2102 334 2161 Postero
358 2101 407 2160 die
430 2102 566 2178 equitatu
588 2118 626 2159 ex
648 2102 758 2160 castris
782 2101 890 2160 educto
915 2122 1032 2161 omnem
1056 2123 1121 2162 eam
1143 2104 1225 2181 plur

207 2188 321 2262 nitiem,
345 2207 435 2262 quam
457 2187 488 2245 in
510 2187 730 2264 longitudinem
752 2187 805 2246 III
828 2188 911 2246 milia
932 2207 1078 2266 passuum
1100 2195 1206 2266 patere

209 2273 490 2348 demonstravimus,
522 2272 673 2351 complent
699 2273 919 2351 pedestresque
953 2274 1055 2351 copias
1083 2275 1207 2353 paulum

208 2361 245 2418 ab
278 2379 314 2418 eo
348 2359 414 2418 loco
448 2359 567 2417 abditas
600 2359 632 2417 in
659 2359 734 2418 locis
764 2358 971 2436 superioribus
1006 2361 1202 2418 constituunt.

207 2445 283 2504 Erat
306 2464 343 2503 ex
365 2444 476 2522 oppido
503 2444 609 2502 Alesia
637 2444 799 2522 despectus
836 2445 868 2502 in
896 2464 1043 2522 campum.
1075 2443 1206 2504 Concur-

207 2538 278 2589 runt
309 2529 357 2589 his
392 2531 510 2588 auxiliis
544 2530 635 2604 visis,
669 2529 705 2587 fit
737 2529 899 2606 gratulatio
928 2531 1007 2590 inter
1038 2550 1090 2589 eos
1114 2538 1204 2606 atque
1286 2605 1287 2608 Ἴ

208 2616 338 2676 omnium
360 2616 451 2675 animi
473 2615 512 2674 ad
534 2615 671 2674 laetitiam
692 2615 872 2674 excitantur.
917 2616 1026 2693 Itaque
1048 2616 1205 2694 productis

210 2703 304 2781 copiis
328 2708 398 2760 ante
421 2701 566 2779 oppidum
589 2701 750 2760 considunt
772 2708 802 2759 et
824 2702 990 2779 proximam
1013 2701 1129 2760 fossam
1141 2721 1204 2762 cra-

207 2788 289 2847 tibus
310 2788 451 2864 integunt
474 2793 565 2863 atque
588 2807 700 2864 aggere
729 2787 853 2864 explent
881 2781 975 2864 seque
1007 2787 1046 2847 ad
1074 2789 1204 2866 eruptio·

208 2893 277 2933 nem
300 2881 391 2948 atque
414 2892 518 2933 omnes
541 2893 631 2932 casus
654 2880 839 2950 comparant.

291 2958 425 3018 LXXX.
462 2958 566 3018 Oaesar
588 2960 668 3018 omni
690 2960 824 3017 exercitu
847 2959 886 3018 ad
907 2966 1206 3042 utramquepartem

206 3047 404 3105 munitionum
427 3045 584 3122 disposito,
607 3052 650 3120 ut,
675 3045 701 3102 si
723 3064 799 3104 usus
821 3044 932 3118 veniat,
962 3063 1050 3104 suum
1078 3046 1205 3121 quisque

206 3131 307 3190 locum
328 3138 432 3190 teneat
455 3128 486 3189 et
507 3131 634 3205 noverit,
665 3129 832 3205 equitatum
861 3151 899 3188 ex
927 3131 1037 3189 castris
1066 3130 1153 3190 educi
1176 3139 1206 3190 et

206 3217 346 3294 proelium
369 3217 514 3276 committi
531 3216 630 3293 jubet.
675 3216 751 3274 Erat
774 3235 811 3274 ex
833 3215 971 3274 omnibus
995 3216 1115 3290 castris,
1138 3237 1205 3291 quae

208 3315 359 3360 summum
379 3302 513 3377 undique
532 3301 641 3379 jugum
663 3303 818 3377 tenebant,
843 3300 1006 3378 despectus
1030 3309 1120 3376 atque
1144 3322 1205 3360 om-

207 3407 262 3447 nes
283 3388 395 3447 milites
418 3386 526 3446 intenti
548 3406 658 3464 pugnae
680 3394 862 3464 proventum
879 3389 1089 3464 expectabant.
1126 3387 1206 3446 Galli

206 3474 285 3532 inter
317 3473 435 3550 equites
468 3493 554 3532 raros
588 3473 763 3549 sagittarios
798 3471 1018 3550 expeditosque
1050 3472 1141 3533 levis
1158 3495 1204 3532 ar·

110 3555 113 3560 ’
207 3565 333 3618 maturae
362 3557 586 3635 interjecerant,
621 3558 672 3633 qui
706 3559 770 3617 suis
794 3557 973 3618 cedentibus
1002 3558 1112 3618 auxilio
1137 3579 1205 3618 suc·

207 3652 362 3704 currerent
395 3652 426 3704 et
462 3651 636 3703 nostrorum
675 3644 810 3719 equitum
842 3645 974 3722 impetus
1008 3645 1203 3704 sustinerent.

205 3730 255 3789 Ab
287 3731 336 3789 his
371 3730 540 3808 complures
574 3729 613 3787 de
645 3729 810 3807 improviso
840 3730 992 3790 vulnerati
1016 3730 1124 3808 proelio
1155 3750 1204 3788 ex-

208 3816 364 3876 cedebant.
421 3815 521 3887 Quum
555 3834 626 3873 suos
666 3835 769 3892 pugna
810 3807 983 3894 superiores
1022 3835 1090 3874 esse
1125 3815 1205 3874 Galli

208 3901 392 3961 confiderent
425 3909 455 3960 et
487 3907 608 3960 nostros
641 3901 833 3961 multitudine
862 3902 959 3979 premi
991 3899 1138 3976 viderent,
1168 3921 1205 3959 ex

185 3987 345 4046 ‘omnibus
366 3987 505 4065 partibus
528 3994 558 4046 et
579 3987 610 4061 ii,
639 3988 691 4062 qui
713 3987 929 4046 munitionibus
960 3986 1202 4062 continebantur,

208 4079 238 4131 et
264 4074 295 4149 ii,
326 4074 377 4149 qui
405 4072 444 4131 ad
472 4072 615 4131 auxilium
637 4080 850 4147 convenerant,
880 4072 1009 4131 clamore
1038 4079 1068 4130 et
1089 4073 1207 4131 ululatu
