2967 4609
263 363 301 419 1ss
577 353 629 407 DE
648 352 775 407 BELLO
795 353 975 409 GALLICO.

225 619 228 623 ¹
261 550 394 628 puloque
428 548 565 607 Romano
600 548 640 607 sit
674 549 787 622 auxilii,
824 548 963 608 omnibus
976 576 980 581 -
993 548 1090 608 Gallis
1118 549 1199 609 idem
1228 569 1296 609 esse

263 634 447 709 faciendum,
483 634 566 709 quod
599 633 734 695 Helvetii
769 632 913 707 fecerint,
948 641 982 693 ut
1015 634 1103 694 domo
1138 636 1296 712 emigrent,

264 718 347 779 aliud
370 718 563 795 domicilium,
594 718 669 779 alias
699 716 789 779 sedes
811 727 944 779 remotas
967 740 986 779 a
1009 719 1169 779 Germanis
1190 728 1298 798 petant

199 849 201 852 -
263 804 487 881 fortunamque,
522 824 712 881 quaecunque
740 804 868 878 accidat,
904 804 1107 882 experiantur.
1163 806 1241 865 Haeo
1272 807 1298 865 si

265 890 421 949 enuntiata
443 890 600 949 Ariovisto
625 892 695 965 sint,
730 910 791 949 non
820 889 969 965 dubitare,
1001 890 1074 966 quin
1096 890 1134 949 de
1158 892 1297 951 omnibus

265 975 432 1051 obsidibus,
468 977 520 1051 qui
554 976 636 1054 apud
670 996 738 1035 eum
772 975 847 1050 sint,
882 975 1081 1052 gravisimum
1114 976 1298 1054 suppHcium

265 1054 372 1119 sumat.
436 1060 589 1120 Gaesarem
622 1062 671 1121 vel
705 1061 886 1123 auctoritate
920 1080 976 1120 sua
1010 1068 1101 1137 atque
1135 1062 1296 1136 exercitet,

264 1146 313 1205 vel
334 1146 451 1206 recenti
473 1147 610 1221 victoria,
643 1147 693 1207 vel
720 1146 841 1205 nomine
863 1146 969 1224 populi
990 1147 1121 1207 Romani
1144 1146 1298 1207 deterrere

263 1250 371 1310 posse,
411 1251 449 1291 ne
483 1232 580 1309 major
613 1232 775 1291 multitudo
810 1232 1030 1291 Germanorum
1063 1231 1203 1294 Rhenum
1237 1241 1298 1292 tra-

264 1317 402 1391 ducatur,
439 1317 629 1393 Galliamque
663 1337 784 1377 ornnem
817 1317 855 1376 ab
884 1316 1032 1377 Ariovisti
1065 1318 1175 1395 injuria
1205 1338 1298 1396 posse

265 1400 439 1462 defendere.

351 1487 494 1547 XXXII.
550 1488 618 1547 Hac
647 1489 783 1549 oratione
812 1490 850 1547 ab
873 1487 1026 1547 Divitiaco
1055 1487 1160 1548 habita
1183 1508 1298 1564 omneS,

267 1574 318 1647 qui
353 1572 496 1649 aderant,
537 1594 646 1651 magno
689 1572 763 1633 fletu
803 1573 949 1633 auxilium
982 1594 1000 1633 a
1034 1572 1155 1633 Oaesare
1194 1582 1299 1652 petere

269 1668 435 1735 coeperunt.
492 1660 718 1719 Animadvertit
752 1659 856 1719 Gaesar
889 1678 967 1718 unos
999 1680 1039 1717 ex
1072 1660 1212 1719 omnibus
1246 1660 1299 1719 Se-

267 1763 383 1819 quanos
412 1745 487 1804 nihil
515 1764 619 1805 aarum
646 1765 748 1805 rerum
776 1745 888 1819 facere,
924 1764 1000 1819 quas
1029 1746 1123 1805 ceteri
1151 1744 1298 1820 facerent,

267 1828 321 1888 sed
356 1831 460 1890 tristes
495 1832 594 1909 capite
634 1831 767 1890 demisso
807 1838 920 1889 terram
954 1830 1073 1889 intueri.
1137 1830 1216 1908 Ejus
1256 1830 1301 1890 rei

267 1934 334 1991 quae
369 1935 461 1975 causa
495 1924 586 1991 esset,
621 1917 749 1975 miratus
783 1935 820 1975 ex
847 1915 923 1993 ipsis
952 1916 1082 1991 quaesiit.
1139 1916 1222 1975 Nihil
1246 1916 1299 1976 Se·
1327 1980 1332 1987 ,

268 2001 359 2074 quani
391 2001 585 2079 respondere,
621 2001 676 2060 sed
708 2000 739 2059 in
774 2000 879 2059 eadem
912 2000 1038 2060 tristitia
1065 2001 1151 2061 taciti
1181 2022 1300 2079 perma-

267 2103 348 2144 nere.
406 2085 506 2157 Quum
540 2088 577 2145 ab
607 2086 645 2145 iis
676 2086 789 2164 saepius
820 2093 972 2160 quaereret
998 2105 1098 2160 neque
1121 2085 1215 2146 ullam
1237 2108 1300 2147 om·
1347 2137 1352 2142 .

266 2169 335 2227 nino
364 2190 470 2230 vocem
503 2171 671 2248 exprimere
699 2178 814 2249 posset,
848 2170 929 2228 idem
958 2170 1131 2231 Divitiaeus
1161 2172 1300 2233 Haeduus

266 2255 437 2331 respondit:
483 2256 551 2315 Hoc
591 2274 658 2317 esse
697 2256 885 2315 miseriorem
924 2263 955 2313 et
993 2256 1165 2332 graviorem
1203 2257 1300 2317 fortu-

267 2359 337 2399 nam
371 2340 580 2417 Sequanorum
621 2362 711 2417 quam
755 2341 956 2417 reliquorum,
991 2340 1073 2416 quod
1107 2342 1164 2400 soli
1197 2363 1236 2403 ne
1269 2345 1302 2403 in

269 2426 387 2485 occulto
433 2428 556 2502 quidem
600 2428 685 2503 queri
717 2437 824 2503 'neque
863 2425 1008 2484 auxilium
1046 2426 1209 2504 implorare
1248 2449 1300 2489 au-

269 2510 375 2570 derent
423 2514 621 2590 absentisque
664 2513 812 2572 Ariovisti
863 2511 1088 2586 crudelitatem,
1139 2512 1225 2573 velut
1274 2515 1301 2573 si

268 2615 369 2655 coram
419 2599 554 2673 adesset,
605 2600 778 2673 horrerent,
830 2604 993 2675 propterea
1043 2597 1125 2673 quod
1174 2600 1299 2675 reliquis

268 2688 369 2741 tamen
403 2681 486 2761 fugae
520 2683 652 2743 facultas
689 2684 828 2755 daretur,
863 2682 1012 2757 Sequanis
1046 2702 1135 2758 vero,
1170 2684 1222 2759 qui
1254 2685 1299 2744 in-

267 2773 316 2825 tra
348 2766 425 2827 fines
459 2788 531 2828 suos
564 2769 754 2829 Ariovistum
786 2768 990 2845 recepissent,
1026 2785 1169 2843 quorum·
1188 2770 1300 2847 oppida

268 2852 367 2910 omnia
400 2854 431 2912 in
460 2860 613 2931 potestate
641 2852 709 2930 ejus
736 2860 849 2921 essent,
885 2871 989 2911 omnes
1021 2852 1173 2913 cruciatus
1196 2864 1300 2916 essent

265 2935 451 3013 perferendi.
1218 3012 1223 3019 .

353 3023 515 3083 XXXIII.
560 3024 618 3083 His
645 3026 739 3084 rebus
770 3022 899 3100 cognitis
925 3022 1028 3082 Caesar
1052 3023 1208 3084 Gallorum
1236 3027 1300 3085 ani-

268 3122 333 3167 mos
367 3110 469 3168 verbis
504 3109 694 3169 confirmavit
726 3109 944 3187 pollicitusque
973 3116 1020 3167 est
1051 3108 1109 3167 sibi
1139 3129 1205 3169 earn
1235 3132 1323 3183 rem

268 3212 348 3252 curae
383 3191 531 3267 futuram;
572 3215 713 3273 magnam
752 3215 785 3254 se
824 3193 936 3252 hahere
957 3212 1055 3271 spem
1089 3200 1120 3251 et
1152 3195 1299 3257 beneficio

268 3298 322 3337 suo
357 3288 387 3337 et
422 3282 602 3340 auctoritate
636 3280 802 3340 adductum
829 3279 1017 3339 Ariovistum
1056 3277 1147 3338 finem
1179 3281 1299 3359 injuriis

268 3362 429 3424 iacturum.
486 3367 554 3426 Hac
589 3367 724 3426 oratione
758 3365 863 3424 habita
896 3363 1056 3423 concilium
1085 3364 1207 3425 dimisit.
1257 3368 1300 3427 Et

270 3448 436 3509 secundum
470 3471 505 3511 ea
539 3452 642 3511 multae
676 3471 726 3511 res
761 3470 830 3509 eum
862 3449 1077 3522 hortabantur,
1113 3470 1207 3525 quare
1241 3454 1300 3512 sibi

269 3553 335 3592 earn
364 3556 428 3595 rem
457 3537 651 3614 cogitandam
680 3545 711 3596 et
739 3533 964 3613 suscipiendam
985 3542 1118 3611 putaret,
1153 3537 1300 3616 imprimis

269 3620 350 3695 quod
379 3621 527 3697 Haeduos,
562 3622 674 3683 fratres
708 3619 1010 3697 consanguineosque
1044 3640 1252 3699 saepenumero
1277 3625 1300 3686 ¹a

268 3714 376 3765 senatu
405 3707 584 3785 appellatos,
618 3709 649 3767 in
678 3707 826 3767 servitute
855 3712 947 3780 atque
975 3705 1007 3762 in
1035 3705 1153 3767 dicione
1175 3708 1300 3770 videbat

269 3790 488 3852 Germanorum
515 3795 622 3868 teneri,
658 3810 821 3867 eorumque
854 3789 978 3849 obsides
1009 3810 1077 3851 esse
1107 3794 1189 3871 apud
1210 3796 1300 3856 Ario-

268 3876 382 3935 vistum
412 3899 446 3937 ac
470 3878 628 3954 Sequanos
650 3877 855 3954 intelligebam
892 3875 974 3952 quod
1000 3878 1032 3934 in
1060 3884 1145 3937 tanto
1173 3880 1299 3959 imperio

267 3962 372 4038 populi
406 3963 537 4023 Romani
575 3962 786 4042 turpissimum
824 3960 883 4020 sibi
925 3968 956 4019 et
988 3962 1033 4021 rei
1065 3964 1197 4040 publicae
1231 3987 1299 4030 esse

269 4047 482 4111 arbitrabatur.
549 4049 700 4108 Paulatim
745 4056 846 4107 autem
887 4045 1056 4108 Gennanos
1100 4068 1300 4115 consuescere
