2967 4609
581 350 661 407 18
1199 342 1306 396 DE
1341 342 1596 397 BELLO
1635 342 1993 398 GALLICO.

575 544 815 615 posset,
884 537 1158 597 Haeduos
1227 544 1582 613 ceterosque
1650 538 1875 599 amicos
1933 540 2143 617 populi
2200 540 2461 599 Romani
2522 540 2625 600 de-

575 621 871 697 fenderet,
919 642 986 682 se
1029 623 1403 682 Haeduorum
1447 623 1701 701 injurias
1745 646 1868 684 non
1909 626 2346 702 neglecturum.

746 708 1054 769 XXXVI.
1141 709 1244 768 Ad
1296 710 1428 769 haec
1472 710 1821 771 Ariovistus
1877 710 2210 788 respondit:
2301 713 2418 771 Jus
2488 732 2625 771 esse

576 793 751 869 belli,
819 800 905 871 ut,
975 796 1078 870 qui
1142 796 1463 870 vicissent,
1544 797 1649 872 iis,
1720 816 1871 872 quos
1937 798 2259 873 vicissent,
2342 798 2625 873 quemad-

573 880 817 938 modum
890 882 1147 957 vellent,
1226 882 1621 959 imperarent;
1713 883 1859 941 item
1934 884 2223 962 populum
2287 884 2627 943 Romanum

581 966 754 1025 victis
818 987 940 1026 non
1006 966 1086 1025 ad
1149 967 1400 1027 alterius
1466 969 1919 1046 praescriptum,
1990 969 2101 1028 sed
2160 968 2239 1027 ad
2297 988 2471 1028 suum
2531 991 2624 1028 ar-

581 1052 822 1110 bitrium
884 1052 1184 1129 imperare
1251 1072 1602 1113 consvesse.
1727 1054 1792 1112 Si
1856 1055 1990 1132 ipse
2055 1055 2279 1132 populo
2346 1056 2622 1114 Romano

577 1159 694 1197 mm
778 1138 1232 1216 praescriberet,
1323 1139 1827 1214 quemadmodum
1914 1160 2023 1199 suo
2102 1140 2243 1218 jure
2330 1148 2621 1216 uteretur,

581 1245 693 1281 11011
760 1230 1039 1301 oportere
1106 1243 1243 1283 sese
1311 1246 1346 1284 a
1409 1226 1633 1303 populo
1688 1226 1964 1286 Romano
2023 1227 2087 1285 in
2147 1246 2256 1286 suo
2315 1226 2456 1303 jure
2513 1226 2624 1284 im-

577 1309 786 1385 pediri.
918 1309 1192 1369 Haeduos
1272 1310 1419 1385 sibi,
1527 1312 1811 1385 quoniam
1886 1312 2033 1371 belli
2108 1311 2413 1371 fortunam
2490 1320 2619 1372 ten-

581 1401 812 1454 !assent
898 1402 959 1454 et
1045 1396 1226 1456 armis
1303 1398 1616 1473 congressi
1696 1418 1767 1457 ac
1846 1398 2115 1475 superati
2192 1405 2426 1473 essent,
2518 1399 2622 1456 sti-

577 1480 919 1557 pendiarios
1008 1501 1146 1540 esse
1231 1481 1448 1541 factos
1581 1484 1868 1561 Magnam
1957 1483 2259 1542 Caesarem
2343 1484 2623 1560 injuriam

581 1573 807 1642 iacere,
899 1567 1001 1642 qui
1077 1588 1187 1626 suo
1254 1569 1522 1629 adventu
1587 1570 1913 1646 vectigalia
1980 1570 2097 1628 sibi
2164 1569 2465 1629 deteriora
2530 1568 2620 1627 fa-

577 1673 677 1709 161
681 1660 755 1711 et
866 1654 1121 1713 Haeduis
1189 1674 1255 1713 se
1323 1653 1570 1714 obsides
1610 1655 2014 1714 ·redditurum
2079 1676 2201 1714 non
2268 1675 2436 1731 esse,
2515 1676 2618 1714 ne-

577 1761 690 1813 lue
755 1739 831 1798 iis
896 1760 1092 1814 neque
1170 1760 1378 1799 eorum
1453 1740 1637 1799 sociis
1714 1741 1938 1818 injuria
2001 1742 2228 1800 bellum
2291 1742 2617 1815 illaturum,

577 1829 625 1881 r-i
691 1825 755 1883 in
821 1846 892 1884 eo
957 1834 1300 1902 manerent,
1392 1825 1556 1901 quod
1623 1828 2041 1899 convenisset,
2134 1828 2619 1905 stipendiumque

577 1912 893 1985 luotannis
970 1912 1331 1989 penderent3
1424 1912 1477 1970 si
1552 1912 1618 1969 id
1692 1934 1814 1971 non
1888 1912 2210 1988 fecissent,
2298 1914 2479 1989 longe
2543 1912 2619 1970 iis

577 2001 905 2056 fraternum
998 2018 1217 2057 nomen
1313 1997 1522 2075 popuii
1617 1998 1878 2058 Romani
1964 1998 2286 2057 afuturum.
2444 1997 2621 2069 Quod

577 2085 690 2142 sihi
778 2081 986 2142 Caesar
1071 2084 1456 2143 denuntiaret
1553 2103 1622 2143 66
1707 2084 2081 2143 Haeduorum
2156 2084 2409 2161 injurias
2498 2103 2619 2142 non

577 2170 1018 2245 neglecturum,
1106 2170 1404 2229 neminem
1483 2188 1691 2229 secum
1757 2171 1886 2229 sine
1965 2190 2076 2229 sua
2140 2170 2409 2248 pernicie
2477 2190 2619 2227 con-

577 2255 861 2314 =÷·-:÷11disse.
974 2254 1172 2326 Quum
1246 2256 1461 2331 vellet,
1543 2256 2037 2333 congrederetur:
2148 2256 2615 2327 intellecturum,

577 2342 718 2417 quid
804 2342 1014 2401 invicti
1092 2342 1404 2417 Germani,
1497 2342 1985 2401 exercitatissimi
2068 2341 2133 2399 in
2214 2342 2425 2416 armiS,
2517 2341 2620 2415 qui

577 2433 726 2487 inter
770 2447 960 2486 annos
1004 2428 1165 2487 XIV
1208 2434 1435 2487 tectum
1477 2448 1601 2486 non
1645 2428 1971 2503 subissent,
2017 2427 2242 2487 virtute
2286 2433 2555 2504 possent.

739 2514 1080 2573 XXXVII.
1192 2513 1345 2573 Haec
1411 2514 1624 2574 eodem
1699 2520 1973 2593 tempore
2038 2512 2269 2572 Caesari
2332 2512 2617 2571 mandata

573 2601 1012 2675 afferebantur,
1081 2606 1142 2659 et
1194 2600 1382 2677 legati
1437 2602 1513 2659 ab
1569 2600 1825 2659 Haeduis
1883 2606 1944 2659 et
2000 2620 2035 2657 a
2088 2598 2358 2659 Treviris
2412 2598 2617 2658 venie-

569 2689 732 2745 hant:
831 2685 1056 2743 Haedui
1123 2693 1432 2761 questum,
1505 2686 1669 2760 quod
1735 2685 2052 2759 Harudes,
2124 2686 2228 2760 qui
2291 2704 2487 2761 nuper
2550 2683 2614 2740 in

575 2772 830 2829 Galliam
894 2771 1290 2849 transportati
1355 2778 1590 2846 essent,
1658 2769 1810 2829 fines
1881 2790 2086 2829 eorum
2149 2770 2612 2847 popularentur;

573 2877 707 2915 ,ει-166
771 2877 848 2916 116
915 2856 1227 2916 obsidibus
1294 2857 1538 2933 quidem
1614 2856 1772 2915 datis
1838 2876 2052 2934 pacem
2116 2856 2414 2916 Ariovisti
2476 2854 2614 2913 red-

575 2949 752 3002 muare
838 2944 1138 3021 potuisse;
1228 2943 1468 3002 Treviri
1556 2949 1785 3017 autem,
1873 2960 2067 3019 pagos
2146 2949 2389 3001 centum
2465 2940 2613 3000 Sve-

577 3049 781 3087 mrum
848 3028 926 3088 ad
989 3030 1154 3106 ripas
1211 3027 1412 3086 Rheni
1469 3027 1852 3103 consedisse,
1922 3028 2025 3103 qui
2078 3028 2361 3086 Rhenum
2415 3033 2615 3084 trans-

565 3117 645 3173 m]
693 3122 1081 3189 conarentur;
1174 3114 1248 3172 iis
1337 3134 1465 3191 prae
1509 3130 1683 3173 esse·
1736 3114 2009 3173 Nasuam
2098 3120 2159 3173 et
2248 3112 2615 3172 Cimberium

577 3209 806 3259 iratres.
920 3200 1152 3272 Quibus
1239 3200 1422 3258 rebus
1513 3199 1721 3258 Caesar
1806 3200 2193 3260 vehementer
2282 3204 2616 3258 commotus

577 3286 990 3345 maturandum
1048 3286 1165 3345 sibi
1224 3285 1622 3366 existimavit,
1691 3305 1797 3360 ne,
1868 3286 1920 3344 si
1978 3306 2136 3345 nova
2193 3304 2407 3343 manus
2465 3283 2613 3343 Sve-

577 3393 781 3430 rrsarum
837 3392 974 3431 cum
1025 3372 1334 3433 veteribus
1393 3372 1584 3449 copiis
1627 3371 1924 3431 Ariovisti
1981 3390 2117 3430 sese
2176 3369 2613 3447 conjunxisset,

577 3461 764 3517 minus
808 3457 987 3517 facile
1030 3458 1235 3517 resisti
1278 3464 1507 3535 posset.
1598 3458 1817 3532 Itaque
1861 3477 1928 3515 re
1972 3456 2386 3531 frumentaria,
2435 3475 2617 3530 quam

573 3544 880 3603 faberrime
945 3544 1168 3621 potuit,
1239 3549 1586 3621 comparata
1637 3542 1873 3619 magnis
1928 3541 2246 3601 itineribus
2305 3542 2383 3600 ad
2436 3540 2615 3598 Ario-

581 3629 793 3689 vistum
839 3629 1164 3689 contendit.

739 3715 1119 3774 XXXVIII.
1231 3714 1430 3786 Quum
1493 3713 1678 3772 tridui
1741 3714 1902 3774 viam
1964 3713 2397 3791 processisset,
2463 3730 2616 3769 nun-

577 3805 783 3859 tiatum
870 3807 964 3859 est
1041 3800 1096 3859 ei
1171 3800 1548 3860 Ariovistum
1634 3819 1770 3858 cum
1859 3799 1984 3858 suis
2073 3799 2348 3857 omnibus
2424 3797 2615 3874 copiis

577 3889 645 3945 111
704 3883 1120 3963 occupandum
1161 3885 1624 3959 Vesontionem,
1694 3885 1856 3960 quod
1922 3892 2016 3943 est
2083 3885 2370 3963 oppidum
2425 3883 2615 3941 maxi-

577 3993 730 4029 mum
806 3970 1246 4048 Sequanorum,
1337 3970 1701 4030 contendere
1778 3970 2080 4046 triduique
2160 3971 2321 4031 viam
2388 3991 2422 4029 a
2487 3968 2616 4027 suis

577 4057 790 4115 finibus
855 4056 1211 4135 profecisse.
1311 4056 1388 4115 Id
1442 4076 1520 4115 ne
1579 4056 1910 4132 accideret,
1977 4077 2195 4133 magno
2256 4076 2438 4134 opere
2498 4054 2612 4114 sibi
