2967 4609
264 353 325 411 142
568 345 621 398 Du
639 345 766 400 BELLO
786 343 955 399 GALLIGO

262 561 322 618 que
348 540 519 600 interiectis
541 539 715 600 Novioduni
749 539 936 614 custodibus,
971 540 1082 615 quique
1111 560 1146 599 eo
1169 559 1262 616 nego-

262 626 359 685 tiandi
381 623 445 698 [aut
465 625 592 699 itineris]
615 646 709 685 causa
740 632 959 699 convenerant,
988 626 1148 703 pecuniam
1171 632 1264 701 atque

263 731 359 788 equos
380 712 460 770 inter
483 732 516 770 se
538 712 644 790 partiti
666 718 753 784 sunt;
784 710 906 770 obsides
938 711 1095 771 civitatum
1116 711 1263 770 Bibracte

263 798 303 857 ad
323 798 535 875 magistratum
557 798 752 858 deducendos
776 803 972 872 curaverunt;
997 797 1150 875 oppidum,
1181 797 1264 873 quod

264 906 282 942 a
304 903 338 942 se
360 883 539 943 tenerinon
559 904 652 962 posse
670 883 862 961 judicabant,
885 903 924 942 ne
947 883 995 942 eui
1018 891 1101 942 esset
1118 883 1260 942 111111110-

264 969 373 1044 manis,
406 969 626 1044 incenderunt;
661 969 805 1028 frumenti
838 969 919 1045 quod
954 969 1053 1027 subito
1086 975 1262 1046 potuerunt,

263 1055 394 1116 navibus
416 1062 598 1130 avexerunt,
621 1056 772 1131 reliquum
793 1054 917 1114 flumine
929 1062 1020 1130 atque
1039 1054 1178 1113 incendio
1197 1074 1262 1112 eor·

263 1147 430 1218 ruperunt,
464 1141 525 1219 ipsi
557 1161 595 1199 ex
628 1140 764 1200 finitimis
798 1141 972 1217 regionibus
1006 1141 1110 1218 copias
1145 1158 1262 1216 eogere,

266 1226 413 1304 praesidia
435 1225 650 1302 custodiasque
673 1227 712 1285 ad
733 1227 818 1304 ripas
840 1227 961 1304 Ligeris
996 1226 1157 1304 disponere
1180 1225 1262 1301 equi·

264 1320 422 1386 totumque
445 1313 584 1371 omnibus
606 1313 683 1372 locis
711 1312 868 1389 injiciendi
895 1313 1013 1372 timoris
1041 1331 1134 1371 eausa
1163 1317 1263 1370 osten-

265 1406 331 1456 tare
354 1405 521 1475 coeperunt,
546 1399 572 1456 si
596 1398 633 1457 ab
656 1419 689 1457 re
711 1397 911 1458 frumentaria
933 1397 1088 1457 Romanos
1101 1397 1264 1457 excludere

265 1490 401 1561 possent.
448 1482 546 1554 Quam
568 1483 607 1542 ad
629 1504 716 1562 spem
743 1485 872 1543 multum
895 1504 947 1543 eos
976 1483 1152 1560 adjuvabat,
1182 1483 1265 1558 quod

164 1612 167 1619 .
266 1569 362 1645 Liger
384 1588 422 1627 ex
454 1569 577 1628 nivibus
611 1579 758 1644 creverat,
793 1578 827 1628 ut
849 1570 968 1628 omnino
985 1569 1064 1630 vado
1087 1589 1148 1628 non
1169 1588 1261 1646 posse

268 1654 393 1714 ueneni
414 1654 577 1717 videretur.

356 1740 440 1799 LVI.
487 1740 604 1812 Quibus
634 1743 726 1802 rebus
755 1741 885 1819 cognitis
916 1740 1020 1800 Ceasar
1051 1740 1264 1800 maturandum

269 1826 329 1884 sibi
352 1826 479 1901 censuit,
502 1827 530 1885 si
553 1834 636 1886 asset
657 1828 688 1886 in
709 1826 902 1904 perficiendis
925 1827 1070 1904 pontibus
1093 1826 1264 1904 periclitan-

267 1911 349 1986 dum,
386 1919 430 1986 ut,
463 1912 640 1990 priusquam
674 1921 778 1972 esseut
798 1913 930 1990 majores
958 1933 993 1972 eo
1021 1919 1135 1972 coactae
1158 1912 1263 1989 eopiae,

267 1996 433 2056 dimicaret.
478 1997 558 2057 Nam
578 2006 614 2057 ut
636 2005 818 2058 commutato
843 1999 967 2058 consilio
998 1999 1056 2058 iter
1085 1998 1116 2056 in
1142 1998 1263 2075 provin-

267 2083 346 2140 ciam
368 2090 567 2158 eonverteret,
590 2084 623 2142 id
644 2105 682 2143 ne
704 2093 789 2144 metu
811 2084 933 2160 quidem
954 2084 1127 2144 necessario
1150 2081 1264 2142 facien-

211 2188 215 2193 ·
269 2167 341 2225 dum
363 2167 565 2243 existimabat,
595 2189 686 2244 quum
715 2170 797 2245 qued
824 2169 948 2229 infamia
978 2178 1068 2246 atque
1097 2169 1262 2246 indignitas

268 2253 312 2311 rei
346 2259 377 2311 et
410 2255 569 2331 oppositus
601 2275 688 2314 mons
723 2250 864 2317 (lavenna
897 2257 1074 2332 viarumque
1097 2253 1263 2314 difficultas

268 2337 462 2416 impediebat,
485 2346 549 2398 tum
571 2341 710 2416 maxime,
733 2342 815 2417 quod
843 2342 986 2418 abjuncto
1010 2342 1145 2400 Labiene
1174 2347 1266 2415 atque

268 2425 306 2483 iis
328 2424 508 2501 legionibus,
543 2447 619 2502 quas
651 2447 712 2486 una
740 2428 873 2502 miserat,
908 2427 1102 2487 vehementer
1130 2427 1266 2485 timebat.

268 2511 378 2586 Itaque
401 2510 562 2571 admodum
585 2514 703 2591 magnis
726 2513 842 2573 diurnis
864 2514 1081 2589 nocturnisque
1102 2512 1263 2571 itineribus

270 2595 418 2655 confectis
447 2605 553 2656 contre
583 2600 714 2659 omnium
741 2600 912 2677 opinionem
939 2598 978 2658 ad
1006 2599 1141 2676 Ligerim
1169 2598 1263 2672 venit,

268 2681 408 2757 vadoque
428 2703 485 2761 per
507 2684 625 2758 equites
647 2685 770 2745 invento
793 2706 848 2764 pro
876 2685 921 2744 rei
948 2685 1132 2744 necessitate
1156 2702 1264 2761 oppor-
1351 2754 1354 2762 .

269 2775 353 2841 tuno,
387 2775 422 2825 ut
459 2769 585 2828 brachia
617 2770 706 2829 modo
740 2778 831 2847 atqua
864 2770 981 2830 humeri
1017 2771 1056 2830 ad
1089 2768 1268 2830 sustinenda

270 2872 353 2911 arma
374 2852 462 2911 liberi
489 2856 528 2912 ab
556 2875 635 2930 aqua
662 2875 731 2915 asse
764 2865 906 2934 possent,
939 2856 1085 2934 disposite
1117 2855 1266 2932 equitatu,

271 2937 323 3012 qui
355 2937 417 2996 vim
455 2937 587 2999 fluminis
626 2940 824 3019 refringeret,
866 2949 957 3018 atque
996 2942 1135 3001 hostibus
1168 2940 1265 3018 primo

270 3030 396 3101 aspectu
418 3025 603 3101 perturbatis
625 3027 807 3086 ineolumem
841 3028 1007 3087 exercitum
1041 3027 1176 3086 traduxit
1204 3024 1268 3084 fru-

269 3116 464 3185 mentumque
485 3111 517 3168 in
539 3113 621 3188 agris
645 3121 676 3172 et
702 3114 823 3191 pecoris
853 3115 971 3192 copiam
998 3120 1122 3187 nactus,
1151 3111 1268 3189 repleto

269 3195 317 3253 his
339 3195 432 3254 rebus
455 3197 590 3256 exercitu
612 3199 670 3258 iter
692 3199 723 3257 in
747 3199 882 3259 Senones
905 3197 1006 3260 faeere
1028 3200 1168 3258 instituit.

355 3281 457 3342 LVII.
502 3283 584 3342 Dum
599 3285 665 3344 haec
683 3285 764 3363 apud
777 3283 929 3345 (laeseram
944 3292 1100 3362 geruntur,
1113 3283 1268 3344 Labienus

270 3385 305 3424 eo
329 3367 549 3444 supplemento,
574 3369 656 3445 quod
677 3391 774 3449 nuper
802 3391 839 3430 ex
869 3371 961 3430 Italia
990 3377 1131 3445 venerat,
1161 3367 1268 3428 relicto

269 3451 429 3528 Agedinci,
451 3459 487 3512 ut
509 3455 592 3513 esset
613 3456 836 3533 impedimentis
858 3457 1011 3534 praesidio,
1035 3476 1104 3515 eum
1123 3460 1266 3532 quattuor

269 3536 440 3612 legionibus
457 3539 611 3600 Lutetiam
626 3542 838 3619 proficiscitur.
883 3542 922 3601 Id
945 3549 993 3601 est
1014 3541 1159 3620 oppidum
1181 3538 1266 3599 Pari-

271 3622 393 3698 siorum,
423 3624 505 3699 quod
531 3628 663 3703 positum
692 3636 740 3688 est
769 3629 800 3687 in
828 3629 929 3688 insula
950 3627 1083 3686 fluminis
1107 3626 1268 3702 Sequanae.

271 3706 367 3783 Cujus
389 3709 522 3770 adventu
545 3713 582 3770 ab
610 3713 750 3773 hostibus
779 3715 900 3791 cognito
927 3733 1045 3791 magnes
1075 3733 1112 3772 ex
1133 3710 1268 3771 finitimis

271 3793 447 3853 civitatibus
471 3796 565 3873 eopiae
589 3807 804 3859 eonvenerrmt.
851 3799 973 3859 Summa
994 3799 1114 3877 imperii
1137 3795 1269 3856 traditur

271 3877 474 3957 Camulogeno
496 3882 639 3958 Aulerco,
663 3885 715 3959 qui
736 3905 832 3963 prope
860 3885 1017 3944 confectus
1048 3892 1138 3944 aetate
1166 3891 1269 3942 tamen

270 3973 396 4042 propter
418 3967 602 4043 singularem
624 3970 781 4030 seientiam
802 3971 849 4030 rei
875 3971 1014 4030 militaris
1048 3971 1088 4029 ad
1120 3988 1188 4028 eum
1222 3973 1271 4025 est

275 4049 421 4109 honorem
444 4060 578 4112 evectus.
622 4053 657 4114 Is
685 4076 778 4131 quum
806 4055 1070 4117 animadvertisset
1091 4061 1270 4133 perpetuam
