2967 4609
267 305 330 364 150
590 301 643 355 DE
660 302 788 358 BELLO
808 303 976 360 GALLIGO

266 493 345 553 cutis
379 494 585 554 cacuminibus
618 505 775 575 perpetue
808 499 912 577 fossae,
936 503 1043 578 quinos
1066 503 1165 582 pedes
1184 503 1265 577 altae,

266 581 464 642 ducebantm.
508 580 580 640 Huc
602 582 647 641 illi
670 585 791 663 stipites
815 587 940 646 demissi
963 594 994 648 et
1022 590 1060 648 ab
1088 587 1189 649 infimo
1217 609 1265 648 re-

265 675 370 754 vincti,
392 674 431 738 ne
453 680 560 739 revollj
587 679 723 746 possent,
759 673 796 730 ab
825 673 917 732 ramis
947 675 1128 734 eminebant.
1175 675 1267 747 Quini

269 773 356 824 erant
378 765 509 841 ordjnes,
546 755 702 832 conjuncti
734 757 814 817 inter
842 777 876 818 se
905 766 996 836 atque
1017 760 1175 839 implicati,
1206 781 1265 836 quo

267 851 319 926 qui
351 852 549 927 intraverant,
584 862 618 904 se
651 843 711 921 ipsi
741 843 925 904 acutissimis
964 846 1054 906 vallis
1087 845 1264 906 induebant.

264 942 332 1000 Hos
367 937 473 1016 cippos
506 931 711 1016 appellabant.
766 931 848 990 Ante
877 931 933 990 hos
956 923 1086 1008 obliquis
1109 932 1266 1004 ordinibus

264 1027 296 1086 in
319 1025 519 1102 quincuncem
546 1017 703 1097 dispositis
733 1017 857 1076 scrobes
896 1017 987 1076 trium
1014 1018 1051 1086 in
1075 1018 1268 1078 altitudinem

265 1112 377 1190 pedum
398 1109 594 1169 fodiebantur
622 1102 769 1183 paulatim
797 1103 971 1180 angustiore
985 1121 986 1124 ’
1000 1102 1039 1162 ad
1055 1103 1191 1164 infimum
1218 1103 1265 1164 fa-

264 1198 366 1275 stigio.
421 1196 491 1254 Huc
524 1200 638 1255 teretes
671 1189 794 1266 stipites
827 1188 949 1249 feminis
984 1190 1185 1249 crassitudine
1225 1192 1263 1250 ab

265 1303 383 1343 summo
405 1282 554 1359 praeacuti
576 1289 607 1340 et
637 1275 766 1354 praensti
793 1274 1031 1334 demittebantur
1058 1276 1115 1350 ita,
1145 1282 1266 1335 utnon

265 1369 394 1447 amplius
417 1367 520 1444 digitis
548 1367 596 1428 IV
630 1383 667 1423 ex
700 1368 783 1421 terra
816 1360 996 1435 eminerent;
1032 1361 1123 1420 simul
1156 1361 1263 1421 confir-

263 1454 366 1514 mandi
388 1461 419 1512 et
441 1452 616 1512 stabiliendi
639 1467 732 1509 cansa
755 1445 865 1524 singuli
896 1448 933 1506 ab
956 1445 1057 1506 infimo
1082 1447 1146 1506 solo
1169 1446 1264 1525 pedes

265 1548 347 1599 terra
369 1538 620 1613 exculcabantur;
645 1534 763 1609 reliqua
783 1552 856 1612 pars
876 1533 993 1592 scrobis
1006 1533 1045 1592 ad
1067 1533 1263 1594 occultandas

265 1626 393 1685 insidias
415 1625 579 1684 viminibus
608 1645 643 1684 ac
671 1619 814 1697 virgultis
841 1619 1043 1696 integebatur.
1088 1618 1189 1702 Hujus
1212 1639 1263 1698 ge-

264 1712 347 1771 neris
369 1710 470 1770 octoni
493 1710 615 1770 ordines
638 1706 722 1768 ducti
744 1712 848 1764 ternos
876 1705 955 1764 inter
983 1723 1016 1764 se
1045 1705 1140 1782 pedes
1169 1705 1262 1765 dista-

264 1800 348 1857 bant.
393 1796 492 1856 Idex
514 1795 711 1855 similitudine
733 1790 817 1850 floris
834 1789 931 1849 lilium
948 1789 1153 1869 appellabant.
1182 1791 1264 1850 Ante

264 1885 330 1942 haec
363 1883 450 1942 taleae
479 1881 590 1961 pedem
622 1883 722 1958 longae
756 1875 865 1936 ferreis
895 1876 992 1936 hamis
1014 1875 1115 1935 infixis
1137 1883 1210 1936 totae
1232 1877 1264 1936 in

264 1975 377 2028 terram
397 1967 625 2028 infodiebantur
652 1963 918 2037 mediocribusque
945 1962 1127 2021 intermissis
1156 1963 1263 2042 spatiis

265 2055 404 2114 omnibus
425 2054 501 2112 locis
524 2053 762 2125 disserebantur,
786 2067 863 2125 quos
892 2049 1030 2108 stimulos
1057 2048 1261 2108 nominabant.

349 2139 498 2198 LXXIV.
533 2139 591 2197 His
609 2140 701 2197 rebus
718 2135 864 2214 perfectis
882 2134 1023 2211 regiones
1035 2143 1160 2194 secutus
1172 2155 1264 2210 quarn

264 2225 363 2304 potnit
385 2225 576 2301 aequissimas
597 2243 653 2302 pro
675 2223 735 2282 loci
756 2228 875 2295 natura,
898 2219 978 2278 XPV
1008 2220 1090 2278 milia
1117 2240 1264 2299 passuum

265 2311 442 2389 complexus
464 2330 555 2389 pares
578 2309 717 2386 ejusdem
744 2306 864 2384 generis
898 2306 1089 2381 munitiones,
1124 2306 1262 2366 diversas

265 2399 303 2457 ab
326 2397 384 2472 his,
408 2402 514 2455 contra
537 2397 717 2454 exteriorem
738 2395 858 2452 hostem
880 2389 1019 2470 perfecit,
1043 2399 1078 2450 ut
1098 2413 1137 2451 ne
1153 2412 1263 2470 magna

265 2483 387 2559 quidem
419 2481 612 2542 multitudine
645 2481 845 2539 munitionum
878 2477 1022 2556 praesidia
1061 2477 1263 2537 circumfimdi

263 2576 404 2647 possent,
428 2588 466 2627 ne
489 2575 589 2627 autem
622 2587 692 2626 cum
719 2565 854 2645 periculo
884 2584 922 2623 ex
949 2564 1059 2622 castris
1088 2563 1191 2641 egredi
1214 2583 1263 2622 co-

264 2661 385 2732 gantur,
420 2653 537 2712 diernm
569 2653 668 2712 XXX
694 2652 840 2730 pabulum
872 2649 1117 2726 frumentumque
1150 2650 1263 2708 habere

265 2759 369 2799 omnes
391 2746 570 2799 convectum
587 2737 687 2815 jubet.

350 2823 480 2884 LXXV.
504 2824 586 2882 Dum
597 2823 663 2883 haec
676 2823 758 2901 apud
768 2822 905 2880 Alesiam
915 2827 1071 2898 geruntur,
1092 2821 1173 2881 Galli
1193 2840 1262 2879 con-

265 2911 333 2970 cilio
355 2909 527 2987 principum
548 2908 662 2968 indicto
685 2928 747 2967 non
769 2927 874 2967 omnes
897 2925 959 2982 eos,
994 2907 1046 2982 qui
1076 2927 1159 2967 arma
1181 2905 1263 2966 ferre

264 3002 400 3075 possent,
423 3001 457 3053 ut
479 2995 599 3054 censuit
619 2993 861 3072 Vercingetorix,
885 2993 1097 3052 convocandos
1116 2997 1262 3067 statuunt,

266 3081 322 3142 sed
349 3088 466 3141 certum
494 3101 652 3140 numerum
679 3081 790 3157 cuique
822 3079 939 3140 civitati
966 3079 1195 3156 imperandum,
1224 3097 1263 3137 ne

264 3174 351 3227 tanta
372 3167 563 3226 multitudine
593 3165 720 3225 confusa
747 3185 804 3225 nec
826 3164 977 3224 moderari
1006 3183 1061 3223 nec
1090 3164 1263 3242 discernere

265 3273 337 3314 suos
359 3273 417 3312 nec
439 3250 644 3311 frumentandi
666 3252 814 3312 rationem
835 3251 948 3310 habere
975 3257 1110 3328 possent.
1161 3250 1263 3327 Impe-

264 3347 334 3398 rant
355 3337 483 3398 Hasduis
506 3346 597 3413 atque
620 3357 725 3396 eorum
747 3337 918 3411 clientibus,
943 3335 1129 3413 Segusiavis,
1158 3335 1263 3394 Ambi-

264 3425 388 3499 varetis,
400 3423 541 3483 Aulercis
552 3423 796 3484 Brannovicibns
809 3419 1007 3495 [Blannoviis]
1028 3422 1110 3481 milia
1121 3421 1262 3495 XXXV;

263 3529 370 3588 parem
401 3528 559 3568 numerum
585 3508 744 3584 Aruernis,
773 3508 925 3586 adjunctis
957 3508 1118 3583 Eleutetis,
1148 3506 1262 3580 (ladin-

266 3596 320 3670 cis,
356 3593 492 3670 Gabalis,
525 3594 691 3669 Vellaviis,
726 3595 777 3670 qui
810 3595 866 3654 sub
900 3593 1025 3672 imperio
1056 3593 1264 3653 Arvernorum

265 3701 334 3741 esse
356 3687 553 3754 consverimt3
578 3680 737 3755 Sequanis,
761 3681 941 3758 Senonibus,
963 3679 1164 3756 Biturigibus,
1189 3678 1263 3738 San-

265 3766 356 3841 tonis,
379 3765 519 3840 Rutenis,
544 3764 727 3825 Carnutibus
740 3766 880 3826 duodena
901 3765 998 3840 milia,
1027 3765 1202 3826 Bellovacis
1231 3764 1264 3822 X

266 3850 404 3924 [totidem
424 3848 664 3924 Lemovicibus];
689 3858 798 3912 octona
820 3851 998 3912 Pictonibus
1021 3858 1053 3910 et
1080 3851 1209 3910 Turoms
1233 3857 1264 3909 et

264 3937 408 3996 Parissiis
421 3935 630 4009 etHelvetiis3
655 3955 730 3995 sena
740 3937 892 4012 Andibus,
920 3936 1079 3996 Ambianis
1097 3935 1263 3995 Medioma-

265 4022 363 4096 tricis,
395 4021 595 4096 Petrocoriis,
629 4019 761 4097 Nerviis,
795 4023 935 4096 Morinis,
969 4021 1201 4099 Nitiobrogibus
1234 4021 1265 4081 V
