2967 4609
227 372 287 426 112
528 363 580 414 DE
598 359 726 414 BELLO
747 359 924 414 GALLIOO.

224 557 386 633 biorigem,
422 557 474 632 qui
503 556 570 632 ejus
601 556 719 614 consilii
753 562 859 614 auctor
887 555 1012 629 fuisset,
1036 562 1117 629 taxo,
1141 557 1229 632 cujus

224 663 335 727 magna
356 643 387 701 in
412 642 512 700 Gallia
536 641 759 716 Germaniaque
783 641 870 718 copia
893 648 949 715 est,
980 661 1013 699 se
1036 642 1228 702 exanimavit.

310 728 452 786 XXXII.
500 727 593 803 Segni
616 725 842 801 Condrusique,
873 746 910 784 ex
932 733 1022 802 gente
1053 733 1083 784 et
1104 747 1229 786 numero

226 813 456 887 Germanorum,
486 813 537 889 qui
560 819 631 870 sunt
651 813 731 870 inter
754 813 914 870 Eburones
937 812 1157 888 Trevirosque,
1187 813 1229 872 le-

222 897 314 975 'gatcs
337 899 376 956 ad
399 897 552 957 Caesarem
574 899 724 956 miserunt
752 904 878 971 oratum,
909 917 948 955 ue
976 917 1010 956 se
1038 897 1070 955 in
1096 898 1230 957 hostium

225 1004 348 1043 numero
373 984 507 1059 duceret,
530 1003 609 1044 neve
631 984 764 1041 omnium
788 983 1023 1056 Germanorum,
1053 983 1104 1057 qui
1128 991 1232 1042 essent

226 1069 303 1128 citra
324 1070 475 1144 Rhenum,
499 1090 590 1128 unam
613 1089 682 1128 esse
705 1088 829 1127 causam
847 1068 1014 1144 judicaret3
1038 1069 1113 1126 nihil
1136 1089 1169 1127 se
1192 1069 1230 1128 de

225 1156 304 1213 bello
328 1156 522 1232 cogitavisse,
545 1155 629 1213 nulla
650 1155 821 1230 Ambiorigi
833 1154 945 1212 auxilia
961 1154 1090 1212 misisse.
1128 1153 1232 1213 Caesar

226 1241 384 1318 explorata
406 1261 439 1299 re
463 1241 632 1316 quaestione
656 1241 856 1317 captivorum,
880 1239 907 1298 si
930 1240 982 1314 qui
1005 1239 1044 1297 ad
1073 1259 1125 1298 ecs
1148 1241 1231 1298 Ebu-

225 1346 316 1384 rones
340 1347 377 1384 ex
399 1325 473 1403 fuga
496 1327 720 1400 convenissent,
745 1325 784 1383 ad
807 1345 841 1383 se
863 1332 897 1382 ut
919 1325 1147 1398 reducerentur,
1176 1326 1231 1384 im-

226 1412 360 1490 peravit;
386 1413 413 1469 si
434 1412 477 1469 ita
498 1411 655 1483 fecissent,
679 1410 756 1469 fines
779 1429 882 1468 eorum
911 1430 945 1469 se
972 1411 1157 1471 violaturum
1179 1431 1231 1470 ne·

226 1497 320 1573 gavit.
367 1497 444 1555 Tum
461 1497 557 1574 copiis
574 1497 686 1555 intres
703 1503 808 1573 partes
821 1496 993 1554 distributis
1013 1495 1231 1573 impedimenta

228 1582 360 1641 omnium
387 1582 539 1658 legionum
562 1582 755 1641 Aduatucam
778 1581 914 1640 contulit.
965 1581 1004 1639 Id
1034 1582 1151 1640 castelli
1179 1603 1231 1641 no-

225 1687 295 1724 men
318 1675 374 1726 est.
414 1669 483 1727 Hoc
506 1667 571 1727 fere
594 1674 641 1726 est
663 1668 695 1725 in
717 1667 825 1726 mediis
836 1668 1014 1725 Eburonum
1036 1667 1156 1742 finibus,
1180 1668 1233 1727 ubi

226 1753 361 1812 Titurius
384 1760 476 1828 atque
493 1753 721 1829 Aurrmculejus
739 1753 892 1811 hiemandi
911 1773 1004 1812 causa
1022 1753 1231 1812 consederant.

228 1839 319 1896 Hunc
347 1859 440 1914 quum
468 1840 595 1914 reliquis
617 1841 710 1898 rebus
738 1838 838 1897 locum
867 1834 1027 1915 probabat,
1058 1845 1123 1896 tum
1151 1839 1233 1913 quod

226 1924 391 2001 superioris
414 1924 485 1983 anni
507 1926 689 1984 munitiones
711 1925 840 2000 integrae
862 1925 1035 1998 manebant,
1059 1930 1093 1981 ut
1104 1924 1234 1982 militum

226 2009 362 2068 laborem
396 2010 580 2071 sublevaret.
641 2009 791 2069 Praesidio
825 2009 1049 2086 impedimentis
1083 2009 1234 2086 legionem

226 2094 315 2154 XIV.
334 2095 465 2170 reliquit,
485 2116 576 2153 unam
594 2115 631 2154 111
647 2096 686 2154 iis
704 2095 812 2169 tribuS,
833 2114 908 2170 quas
925 2095 1062 2172 proxime
1080 2095 1232 2173 conscrip-

227 2186 275 2237 tas
306 2200 343 2238 ex
371 2181 464 2238 Italia
481 2181 669 2239 traduxerat.
710 2181 749 2239 Ei
771 2179 883 2256 legioni
906 2181 1077 2255 castrisque
1102 2180 1137 2250 Q.
1162 2181 1232 2238 Tul·

226 2264 300 2323 lium
329 2265 508 2324 Ciceronem
536 2265 666 2343 praeficit
696 2265 909 2341 ducentosque
938 2267 1056 2341 equites
1086 2265 1232 2325 attribuit.

311 2351 472 2410 XXXIII.
517 2352 635 2410 Partito
648 2352 785 2410 exercitu
796 2351 831 2410 T.
844 2351 1014 2410 Labienum
1027 2371 1095 2409 cum
1106 2352 1232 2428 legioni-

225 2436 284 2494 bus
307 2438 406 2496 tribus
435 2438 475 2496 ad
498 2437 654 2496 Oceanum
677 2456 787 2497 versus
810 2437 841 2494 in
865 2457 917 2496 eas
939 2444 1054 2514 partes,
1079 2457 1146 2511 quae
1169 2437 1232 2496 Me·

225 2522 333 2598 napios
368 2523 529 2600 attingunt,
565 2523 721 2601 proficisci
746 2523 849 2598 jubet,
883 2522 920 2581 G.
951 2522 1136 2581 Trebonium
1165 2543 1233 2582 cum

225 2608 292 2683 pari
314 2609 468 2685 legionum
489 2629 615 2668 numero
639 2609 678 2667 ad
701 2629 768 2667 eam
790 2607 953 2684 regionem,
978 2627 1046 2682 quae
1063 2607 1233 2667 Aduatueis

227 2693 358 2769 adjacet,
383 2694 627 2772 depopulandam
648 2695 756 2766 mittit3
787 2693 853 2770 ipse
884 2713 953 2751 cum
980 2693 1105 2768 reliquis
1135 2694 1232 2753 tribus

227 2777 266 2835 ad
287 2777 401 2837 flumen
424 2779 575 2855 Scaldem,
599 2779 681 2854 quod
702 2777 802 2836 influit
824 2778 855 2836 in
867 2779 994 2853 Mosam,
1020 2786 1232 2854 extremasque

226 2862 401 2922 Arduennae
415 2871 520 2941 partes
537 2866 581 2923 ire
599 2865 767 2938 constituit,
787 2884 846 2940 quo
865 2885 932 2922 cum
950 2865 1056 2942 paucis
1080 2865 1233 2938 equitibus

225 2947 397 3024 profectum
418 2949 627 3026 Ambiorigem
657 2950 808 3008 audiebat.
859 2950 1031 3009 Discedens
1059 2955 1130 3026 post
1153 2949 1233 3008 diem

226 3034 385 3110 septimum
409 3055 477 3094 sese
499 3055 695 3096 reversurum
716 3034 889 3110 confirmat,
920 3055 1009 3110 quem
1039 3035 1078 3094 ad
1101 3035 1181 3093 diem
1205 3036 1233 3094 ei

224 3119 346 3195 legioni,
371 3141 439 3197 quae
462 3122 493 3179 in
524 3121 667 3199 praesidio
696 3121 935 3195 relinquebatur,
966 3120 1071 3179 deberi
1099 3119 1232 3179 frumen-

223 3211 287 3262 tum
310 3206 436 3265 sciebat.
482 3208 652 3266 Labienum
675 3206 919 3281 Treboniumque
948 3206 1097 3281 hortatur,
1133 3206 1159 3264 si
1188 3207 1233 3264 rei

224 3292 355 3367 publicae
379 3293 536 3351 commodo
565 3292 668 3351 facere
696 3293 833 3369 possint,
863 3291 902 3350 ad
931 3311 999 3349 eum
1028 3291 1108 3350 diem
1130 3309 1231 3351 rever-

224 3383 338 3451 tantur,
362 3386 397 3436 ut
413 3398 521 3436 rursus
542 3378 762 3436 communicato
785 3377 911 3435 consilio
932 3377 1159 3453 exploratisque
1178 3377 1230 3435 ho-

224 3461 316 3519 stium
338 3464 508 3535 rationibus
532 3463 615 3521 aliud
637 3463 756 3521 initium
778 3462 851 3520 belli
874 3482 984 3539 capere
1006 3463 1135 3539 possint.

309 3547 462 3608 XXXIV.
508 3550 592 3623 Erat,
624 3556 658 3607 ut
680 3567 774 3625 supra
802 3547 1094 3624 demonstravimus,
1123 3567 1231 3606 manus

224 3638 308 3690 certa
330 3633 423 3709 nulla,
445 3654 507 3692 non
530 3635 683 3712 oppidum,
705 3655 767 3693 non
789 3633 976 3711 praesidium,
1001 3633 1082 3707 quod
1095 3653 1128 3692 se
1141 3631 1231 3691 armis
1284 3683 1291 3696 .

223 3717 422 3793 defenderet3
449 3720 552 3778 sedin
570 3740 674 3778 omnes
685 3725 791 3796 partes
810 3718 949 3796 dispersa
967 3718 1140 3794 multitudo,
1164 3719 1229 3798 ubi-

223 3823 343 3878 cunque
366 3812 419 3862 aut
441 3805 538 3865 valles
568 3805 672 3863 abdita
695 3806 749 3862 aut¹
770 3805 856 3863 locus
880 3803 1032 3864 silvestris
1063 3811 1115 3862 aut
1142 3803 1231 3881 palus

221 3889 367 3966 impedita
391 3910 477 3967 spem
495 3890 631 3967 praesidii
650 3896 702 3947 aut
720 3889 827 3948 salutis
846 3890 978 3965 aliquam
990 3887 1147 3964 offerebat,
1161 3908 1231 3948 con·

222 3974 352 4033 sederat.
399 3976 476 4034 Haec
499 3975 567 4034 loca
589 3975 799 4035 vicinitatibus
823 3982 909 4033 erant
932 3982 1005 4032 nota
1028 3993 1230 4050 magnamque

221 4077 272 4116 res
296 4059 485 4136 diligentiam
507 4060 698 4135 requirebat,
728 4080 789 4118 non
811 4061 843 4118 in
866 4079 984 4118 summa
1008 4061 1159 4119 exercitus
1182 4067 1229 4118 tu-
