2967 4609
277 340 317 397 22
596 330 649 383 DE
667 328 794 383 BELLO
813 328 990 383 GALLIOO.

276 526 352 585 Dies
388 525 536 601 colloquio
571 524 671 584 dictus
705 533 753 583 est
781 546 818 583 ex
847 546 882 583 eo
912 524 961 582 die
995 525 1127 599 quintus.
1172 524 1301 583 Interim

278 632 360 689 saepe
393 612 472 669 ultro
507 611 642 687 citroque
676 631 770 688 quum
796 611 889 688 legati
918 611 996 669 inter
1025 630 1077 669 eos
1099 611 1300 684 mitterentur,

276 698 453 757 Ariovistus
485 697 661 774 postulavit,
695 717 733 755 ne
768 717 857 771 quem
889 696 1022 773 peditem
1051 696 1091 754 ad
1118 696 1302 771 colloquium

278 783 382 844 Oaeear
416 783 597 842 adduceret:
644 783 742 841 vereri
782 802 825 857 se,
864 802 902 840 ne
940 802 996 860 per
1033 782 1160 841 insidias
1193 783 1231 840 ab
1265 802 1301 840 eo

278 870 561 943 circumveniretur;
593 875 721 943 uterque
751 888 833 926 cum·
850 867 989 942 equitatu
1016 869 1147 943 veniret;
1173 868 1231 925 alia
1252 887 1300 925 ra-

275 956 358 1014 tione
399 975 467 1014 sese
505 974 565 1013 non
605 973 673 1012 esse
712 961 884 1014 venturum.
951 952 1056 1012 Oaesar
1089 953 1171 1029 quod
1202 973 1302 1028 neque

277 1036 461 1116 'colloquium
487 1040 668 1117 interposita
702 1060 796 1099 causa
822 1040 889 1097 tolli
926 1040 1058 1114 volebat,
1092 1059 1191 1114 neque
1221 1039 1301 1097 salu-

276 1134 447 1186 tem-suam
470 1126 626 1184 Gallorum
654 1126 803 1200 equitatui
830 1125 1017 1185 committere
1046 1125 1187 1200 audebat,
1222 1144 1302 1183 com·

276 1213 486 1271 modissimum
509 1230 577 1270 esse
602 1212 717 1286 statuit,
742 1212 882 1270 omnibus
912 1210 997 1286 equis
1022 1211 1119 1269 Gallis
1149 1210 1303 1286 equitibus

277 1299 432 1373 detractis,
474 1318 508 1356 66
548 1297 731 1373 legionarios
770 1296 882 1355 milites
916 1297 1045 1373 legionis
1079 1297 1219 1372 decimae,
1254 1296 1303 1353 cui

275 1384 405 1443 maxime
435 1382 616 1457 confidebat,
647 1383 812 1461 imponere,
842 1390 877 1441 ut
904 1382 1080 1460 praesidium
1109 1403 1200 1458 quam
1229 1382 1302 1441 ami-

277 1469 448 1545 cissimum,
489 1469 515 1527 si
549 1468 623 1544 quid
656 1488 732 1546 opus
766 1468 849 1527 facto
884 1475 981 1543 esset,
1020 1469 1156 1527 haberet.
1214 1466 1303 1539 Quod

277 1576 371 1631 quum
393 1554 489 1631 fieret,
517 1576 578 1613 non
606 1555 761 1613 inridicule
789 1554 913 1631 quidem
943 1574 980 1613 ex
1002 1554 1149 1613 militibus
1177 1553 1302 1613 decimae

276 1641 405 1718 legionis
439 1641 528 1699 dixit:
563 1641 654 1716 Plus,
695 1661 787 1716 quam
825 1640 992 1719 pollicitus,
1018 1646 1114 1715 esset,
1150 1639 1303 1698 Oaesarem

276 1726 393 1786 facere:
417 1727 585 1804 pollicitum
615 1746 647 1786 se
669 1727 701 1785 in
730 1727 862 1785 cohortis
891 1726 1042 1803 praetoriae
1064 1727 1131 1785 loco
1155 1724 1303 1785 decimam

275 1814 426 1891 legionem
449 1813 633 1887 habiturum,
658 1812 697 1871 ad
720 1833 832 1887 equum
854 1812 1032 1871 rescribere.

301 1898 303 1905 '
361 1898 484 1957 XLIII.
540 1899 686 1957 Planities
731 1905 797 1957 erat
829 1918 940 1974 magna
973 1906 1004 1956 et
1034 1898 1067 1955 in
1100 1918 1136 1956 ea
1168 1897 1303 1955 tumulus

276 1991 416 2043 terrenus
440 1984 515 2042 satis
538 1984 672 2060 grandis.
717 1984 778 2041 Hic
806 1984 892 2041 locus
921 2003 1007 2059 aequo
1036 1982 1102 2041 fere
1136 1983 1234 2060 spatio
1264 1984 1302 2041 ab

276 2070 386 2128 castris
409 2070 568 2145 utriusque
592 2070 706 2128 aberat.
752 2070 809 2144 Ilo,
838 2076 872 2127 ut
902 2077 968 2127 erat
989 2069 1113 2143 dictum,
1144 2068 1184 2127 ad
1211 2068 1302 2127 collo·

277 2156 381 2230 quium
414 2161 573 2215 venerunt.
630 2155 798 2231 Legionem
832 2154 952 2228 Caesar,
987 2175 1079 2230 quam
1111 2155 1199 2230 equis
1231 2175 1304 2214 vex-

278 2248 352 2315 erat,
381 2240 524 2319 passibus
553 2240 691 2299 ducentis
726 2241 764 2299 ab
796 2260 830 2298 66
859 2241 975 2298 1111111116
1007 2241 1173 2301 constituit.
1225 2240 1305 2298 Item

277 2327 396 2401 equites
437 2326 585 2387 Ariovisti
634 2326 701 2403 pari
740 2326 901 2386 intervallo
942 2327 1153 2386 constiterunt.
1215 2326 1303 2384 Ario-

276 2414 385 2488 vistus,
421 2433 459 2471 ex
492 2412 579 2487 equis
608 2419 643 2471 ut
677 2412 921 2487 colloquerentur
955 2419 985 2470 61
1011 2419 1124 2489 praeter
1153 2432 1187 2471 se
1210 2410 1305 2470 denos

277 2506 311 2557 ut
340 2498 378 2557 ad
398 2498 589 2574 ¹colloquium
618 2498 820 2573 adducerent,
850 2498 1026 2575 postulavit.
1071 2498 1133 2557 Ubi
1168 2519 1203 2557 eo
1232 2518 1304 2557 ven-

276 2592 342 2642 tum
364 2592 421 2659 est,
457 2583 561 2643 Caesar
593 2584 678 2643 initio
712 2584 858 2642 orationis
882 2604 938 2643 sua
965 2591 1150 2660 senatusque
1177 2584 1206 2642 in
1236 2603 1306 2641 eum

275 2669 424 2729 beneficia
465 2670 727 2744 commemoravit,
763 2669 845 2745 quod
877 2690 932 2727 rex
965 2670 1137 2747 appellatus
1171 2676 1254 2729 esset
1287 2689 1305 2726 6

277 2762 394 2830 senatu,
431 2756 512 2830 quod
545 2756 670 2830 amicus,
705 2755 787 2830 quod
819 2776 945 2813 munera
978 2754 1162 2832 amplissime
1196 2756 1304 2829 missa,

276 2861 367 2916 quam
390 2861 456 2899 rem
479 2848 509 2899 61
531 2841 636 2919 paucis
665 2841 830 2917 contigisse
860 2848 891 2899 61
919 2860 975 2918 pro
1004 2840 1122 2917 magnis
1151 2840 1306 2899 hominum

276 2925 387 2985 officiis
428 2946 593 2986 consvesse
632 2926 725 2985 tribui
764 2926 908 3001 docebat;
949 2926 1034 2984 illum
1074 2946 1167 3001 quum
1206 2946 1306 3001 neque

276 3012 394 3070 aditum
417 3032 517 3087 neque
545 3032 669 3071 causam
697 3012 873 3091 postulandi
897 3011 1015 3088 justam
1043 3012 1178 3087 haberet,
1213 3013 1305 3072 bene-

275 3097 343 3156 ficio
378 3119 415 3157 ac
448 3098 631 3157 liberalitate
665 3118 721 3157 sua
755 3118 790 3156 ac
824 3105 949 3157 senatus
983 3117 1019 3156 66
1046 3099 1173 3175 praemie
1200 3118 1305 3157 conse-

276 3191 391 3243 cutum.
442 3185 583 3243 Docebat
616 3184 716 3257 etiam,
753 3204 842 3259 quam
875 3191 996 3244 veteres
1030 3204 1182 3259 quamque
1211 3184 1306 3260 justae

244 3322 245 3325 ,
276 3262 379 3329 causae
414 3270 649 3329 necessitudinis
682 3270 759 3347 ipsis
798 3290 868 3328 cum
901 3269 1031 3328 Haeduis
1064 3270 1304 3343 intercederent,

277 3375 345 3429 quae
382 3363 506 3415 senatus
540 3356 694 3431 consulta,
734 3356 854 3431 quoties
895 3375 1047 3431 quamque
1079 3356 1244 3415 honorifica
1275 3356 1308 3413 in

277 3460 329 3499 eos
352 3440 437 3499 facta
466 3448 583 3516 essent;
617 3448 652 3499 ut
685 3442 767 3499 omni
798 3449 934 3519 tempore
956 3442 1050 3500 totius
1085 3441 1191 3501 Galliae
1224 3442 1307 3519 prin·

276 3527 415 3604 cipetum
447 3526 560 3586 Haedui
592 3527 773 3601 tenuissent,
806 3527 892 3605 prius
927 3527 1018 3585 etiam
1052 3548 1143 3602 quam
1171 3536 1308 3587 nostram

276 3612 443 3671 amicitiam
478 3612 680 3690 appetissent,
724 3613 829 3690 populi
861 3612 991 3671 Romani
1023 3613 1101 3671 hanc
1135 3634 1203 3673 esse
1237 3634 1307 3672 con-

276 3698 481 3774 suetudinem,
506 3705 540 3756 ut
563 3698 661 3757 socios
690 3704 789 3773 atque
810 3698 924 3757 amicos
950 3718 1012 3757 non
1040 3700 1129 3758 modo
1158 3702 1207 3758 sui
1233 3699 1309 3757 nihil

276 3783 457 3861 deperdere,
489 3783 544 3842 sed
572 3784 685 3861 gratia,
716 3783 879 3860 dignitate,
909 3784 1023 3843 honore
1051 3786 1203 3845 auctiores
1232 3786 1309 3846 velit

277 3889 365 3945 esse,
391 3870 472 3946 quod
494 3890 566 3930 vero
591 3870 630 3928 ad
653 3869 816 3929 amicitiam
838 3870 944 3948 populi
964 3870 1095 3929 Romani
1123 3873 1307 3946 attulissent,

274 3954 309 4013 id
335 3955 374 4013 iis
398 3956 482 4033 eripi,
507 3956 574 4031 quis
597 3956 660 4032 pati
683 3955 808 4032 posset?
852 3956 1026 4016 Postulavit
1053 3956 1161 4017 deinde
1191 3958 1307 4031 eadem,

276 4059 351 4116 quae
385 4040 496 4117 legatis
528 4042 560 4099 in
588 4041 739 4100 mandatis
774 4040 909 4117 dederat,
943 4061 981 4099 ne
1015 4049 1067 4099 aut
1099 4043 1228 4102 Haeduis
1257 4051 1310 4102 aut
