2967 4609
635 363 757 419 111111
775 364 825 419 iv.
1187 375 1227 433 53

225 560 278 619 illa
299 558 359 619 init
376 556 558 635 justissima,
582 558 673 634 quod,
704 579 798 635 quum
823 560 944 620 rideret
971 560 1138 621 Germanos
1165 569 1228 621 tam

225 644 316 705 facile
338 643 462 723 impelli,
486 650 520 703 ut
540 643 573 702 in
591 644 722 703 Galliam
742 646 891 721 venirent,
916 646 981 705 suis
999 667 1118 723 quoque
1134 649 1228 708 rebus

227 750 279 792 eos
302 731 409 790 timere
420 729 526 804 voluit,
550 750 643 806 quum
665 729 871 808 intelligerent
894 738 925 791 et
945 752 1038 809 posse
1061 740 1092 792 et
1115 733 1228 793 audere

225 816 330 895 populi
360 816 493 875 Romani
525 816 691 875 exercitum
723 817 864 875 Rhenum
896 818 1036 877 transire.
1086 818 1229 879 Accessit

227 904 328 978 etiam,
347 901 429 977 quod
445 901 498 959 illa
514 920 587 979 pars
605 901 760 978 equitatus
778 902 941 981 Usipetum
958 911 989 963 et
1000 904 1225 980 Tencterorum,

227 1008 317 1065 quam
336 1008 430 1065 snpra
441 988 674 1048 commemoravi
684 987 845 1065 praedandi
856 988 1122 1065 frumentandique
1134 1010 1227 1050 causa

225 1074 345 1133 Mosam
373 1073 522 1133 transisse
550 1092 649 1149 neque
677 1074 785 1151 proelio
815 1074 1001 1149 interfuisse,
1029 1083 1101 1153 post
1120 1074 1227 1154 fugam

226 1180 349 1219 suorum
372 1178 405 1219 se
428 1166 514 1217 trans
536 1158 679 1217 Rhenum
700 1159 732 1218 in
754 1158 831 1219 fines
844 1159 1081 1237 Sugambrorum
1102 1182 1225 1242 recepe-

225 1254 273 1305 rat
296 1265 391 1321 seque
414 1264 482 1303 cum
503 1245 541 1303 iis
564 1244 772 1321 conjunxerat.
822 1245 873 1304 Ad
902 1266 979 1323 quos
1007 1267 1100 1323 quum
1123 1246 1226 1307 Caesar

224 1332 348 1391 nuntios
370 1330 514 1406 misisset,
538 1330 589 1407 qui
611 1331 812 1409 postularent,
836 1352 905 1407 eos,
935 1334 988 1409 qui
1017 1333 1076 1392 sibi
1104 1333 1225 1394 Galliae·

226 1438 284 1493 que
325 1417 438 1476 bellum
471 1416 662 1492 intulissent,
699 1417 759 1475 sibi
792 1417 955 1494 dederent,
987 1419 1224 1497 responderunt:

224 1502 333 1581 Populi
360 1502 491 1561 Romani
518 1501 678 1579 imperium
705 1503 847 1561 Rhenum
879 1502 982 1579 finire,
1013 1506 1040 1563 11
1069 1525 1103 1565 11
1129 1506 1229 1591 invitq

226 1589 394 1649 Germanos
422 1588 454 1645 in
477 1587 607 1647 Galliam
633 1589 765 1648 transire
798 1609 859 1648 non
887 1609 1007 1665 aequum
1029 1591 1224 1667 existimaret,

108 1688 110 1691 '
225 1696 279 1735 cur
302 1674 349 1734 sui
372 1673 534 1750 quicquam
556 1693 624 1733 esse
645 1674 765 1752 imperii
788 1681 841 1733 aut
861 1676 1024 1753 potestatis
1046 1669 1225 1736 transte-

223 1781 296 1821 num
317 1759 507 1839 postularet?
550 1759 624 1819 Ubii
646 1766 757 1835 autem,
782 1761 834 1835 qui
855 1762 907 1819 uni
929 1781 967 1820 ex
984 1762 1224 1821 Transrhenanis

224 1846 264 1905 ad
287 1844 439 1905 Caesarem
460 1843 755 1922 legatos'miserant,
778 1846 940 1907 amicitiam
967 1846 1113 1923 fecerant,
1144 1849 1224 1907 obsi·
1332 1891 1340 1907 .

224 1932 279 1991 des
303 1931 458 2005 dederant,
482 1951 665 2009 magnopere
689 1934 825 2006 orabant,
848 1940 883 1990 111
905 1934 964 1992 sibi
991 1934 1135 1993 auxilium
1163 1933 1223 1993 fer·

223 2024 280 2093 ret,
312 2016 393 2092 qnod
425 2016 560 2093 graviter
589 2018 626 2075 ab
656 2017 766 2079 Svevis
798 2026 1026 2097 premerentur,
1059 2020 1109 2080 vel
1138 2020 1166 2079 si
1192 2020 1251 2079 id'

224 2103 327 2163 facere
349 2102 598 2180 occupationibus
626 2102 829 2182 reipublicae
856 2106 1081 2183 prohiberetur,
1110 2107 1224 2165 exerci-

224 2198 288 2247 tum
309 2188 398 2247 modo
427 2188 568 2247 Rhenum
595 2195 834 2267 transportaret,
863 2190 896 2249 id
925 2191 984 2250 sibi
1012 2191 1052 2250 ad
1080 2192 1224 2251 auxilium

224 2294 369 2353 spemque
402 2274 510 2349 reliqui
542 2275 688 2352 temporis
722 2276 798 2335 satis
832 2275 983 2352 futinum3
1014 2285 1132 2336 tantum
1155 2298 1224 2337 esse
1284 2339 1286 2343 ,
1350 2340 1354 2345 ,

223 2381 333 2446 npmen
356 2366 448 2435 atque
478 2360 648 2441 opinionem
672 2360 739 2437 ejus
769 2363 920 2421 exercitus
950 2362 1105 2422 Ariovisto
1132 2362 1222 2440 pulso

224 2454 254 2507 et
274 2448 332 2505 hoe
353 2445 519 2522 novissimo
546 2446 655 2523 proelio
683 2446 782 2521 facto,
812 2447 903 2505 etiam
931 2447 970 2505 ad
998 2447 1122 2518 ultimas
1146 2447 1221 2507 Ger-

222 2552 379 2592 manorum
400 2532 549 2607 nationeS,
572 2532 617 2590 uti
645 2532 784 2610 opinione
812 2538 843 2590 et
871 2531 1004 2591 amicitia
1033 2532 1138 2609 populi
1160 2533 1222 2591 Ro-

222 2618 303 2678 mani
329 2616 388 2677 tuti
417 2636 486 2677 esse
512 2624 648 2695 possent.
704 2617 836 2677 Navium
864 2638 1005 2694 magnam
1039 2618 1156 2696 copiam
1184 2618 1223 2677 ad

222 2702 489 2781 transportandum
512 2703 677 2763 exercitum
698 2704 930 2781 pollicebantur.

307 2788 414 2849 XVII.
460 2787 564 2847 Caesar
594 2789 642 2848 his
665 2789 704 2848 de
727 2790 845 2865 causis,
875 2808 950 2865 quas
979 2790 1221 2865 commemoravi,

222 2874 363 2935 Rhenum
384 2875 515 2933 transire
538 2874 729 2950 decreverat;
754 2876 810 2935 sed
831 2876 962 2936 navibus
978 2876 1108 2935 transire
1124 2896 1223 2951 neque

224 2962 299 3020 satis
321 2967 420 3019 tutum
443 2975 511 3019 esse
535 2962 749 3037 arbitrabatur,
777 2982 877 3038 neque
906 2981 970 3021 suae
998 2981 1098 3038 neque
1119 2961 1224 3040 populi

223 3046 353 3106 Romani
376 3046 533 3123 dignitatis
556 3066 624 3106 esse
648 3048 812 3107 statuebat.
863 3048 989 3123 Itaque,
1019 3047 1078 3107 etsi
1107 3067 1223 3106 summa

224 3131 389 3191 difficultas
411 3130 543 3190 faciendi
564 3132 666 3210 pontis
689 3134 916 3211 proponebatur
941 3139 1067 3210 propter
1088 3132 1223 3191 latitudi-

224 3238 301 3293 nem,
323 3216 517 3294 rapiditatem
540 3217 792 3293 altitudinemque
820 3216 964 3293 fluminis,
986 3224 1088 3277 tamen
1110 3217 1142 3275 id
1165 3218 1223 3276 sibi

225 3302 468 3363 contendendum
502 3310 554 3361 aut
587 3303 675 3362 aliter
706 3301 769 3362 non
802 3303 1024 3362 traducendum
1056 3303 1224 3362 exercitum

225 3390 425 3449 existimabat.
481 3387 643 3448 Rationem
675 3389 778 3467 pontis
812 3389 891 3447 hanc
929 3388 1071 3466 instituit,
1126 3389 1225 3466 Tigna

221 3476 294 3535 bina
316 3474 548 3551 sesquipedalia,
577 3476 701 3554 paulum
730 3476 769 3534 ab
799 3474 859 3534 imo
887 3482 1056 3552 praeacuta,
1088 3474 1225 3534 dimensa

223 3561 263 3620 ad
285 3560 474 3619 altitudinem
496 3558 637 3635 1111111111,
660 3561 822 3621 intervallo
849 3561 962 3639 pedum
991 3560 1119 3620 ducrum
1146 3562 1225 3620 inter

223 3666 257 3706 se
283 3646 441 3723 jungebat.
493 3646 569 3705 Haeo
599 3667 691 3722 quum
721 3646 996 3706 machinationibus
1030 3647 1166 3706 immissa
1193 3647 1224 3704 in

222 3730 334 3791 flumen
357 3730 503 3790 defixerat
524 3730 702 3807 fistucisque
726 3732 880 3810 adegerat,
903 3752 964 3793 non
986 3733 1112 3792 sublicae
1134 3731 1223 3789 modo

223 3818 338 3877 directe
362 3817 402 3875 ad
422 3817 689 3895 perpendiculum,
724 3818 780 3878 sed
813 3838 908 3897 prone
936 3839 972 3878 ac
999 3818 1161 3894 fastigata,
1189 3824 1225 3873 ut

224 3904 390 3964 secundum
411 3909 551 3962 naturam
572 3902 704 3962 fluminis
727 3906 977 3982 procumberent,
999 3903 1037 3962 iis
1059 3903 1132 3961 item
1153 3921 1223 3960 con-

222 3990 318 4049 traria
340 3989 409 4065 duo,
434 3988 474 4047 ad
496 3989 625 4047 eundem
647 3990 771 4049 modum
789 3990 908 4067 juncta,
930 3988 1089 4049 intervallo
1111 3986 1224 4064 pedum

224 4074 450 4151 quadragenum
472 4076 509 4133 ab
532 4074 675 4134 inferiore
696 4081 785 4153 parte
807 4083 913 4134 contra
934 4075 995 4135 vim
1018 4080 1108 4149 atque
1129 4072 1224 4150 impe-
