2967 4609
1177 375 1420 430 LmER
1455 376 1587 431 VII.
2293 387 2414 444 135

402 569 581 629 caede
626 566 993 646 profugisse.
1088 568 1482 629 Conclamant
1525 570 1751 629 Haedui
1799 578 1858 630 et
1905 572 2249 632 Litavicum
2307 575 2412 633 ob-

395 662 677 731 secrant,
722 661 792 712 ut
834 655 952 713 sibi
995 656 1289 714 consulat.
1383 656 1573 728 Quasi
1615 677 1780 731 vero,
1826 657 2023 733 inquit
2077 658 2210 734 ille,
2273 678 2414 719 con·

404 741 534 799 silii
578 741 658 800 sit
701 759 821 815 res,
871 760 941 798 30
986 760 1107 799 11011
1159 760 1415 801 11303333
1472 742 1553 800 sit
1606 742 1782 801 nobis
1843 742 2213 820 Gergoviam
2271 764 2412 804 con—

407 826 663 886 tendere
708 833 771 885 et
816 845 953 884 cum
996 825 1293 887 Arvernis
1336 834 1578 886 nosmet
1621 827 2009 905 conjungere.
2098 829 2200 887 An
2237 830 2411 889 dubi-

409 919 631 988 tamus,
680 912 827 987 quin
869 910 1101 971 nefario
1164 911 1434 971 facinore
1505 912 1769 972 admisso
1815 912 2074 974 Romani
2134 915 2264 1012 jam
2333 916 2413 974 ad

410 1017 528 1056 nos
569 996 1020 1057 interficiendos
1066 997 1467 1056 concurrant?
1557 999 1837 1073 Proinde,
1886 1000 1939 1058 si
1985 1000 2129 1075 quid
2183 1001 2247 1059 in
2302 1021 2408 1059 no—

412 1083 515 1141 bis
561 1083 739 1142 animi
785 1091 897 1158 est,
945 1103 1382 1161 persequamur
1426 1103 1635 1142 30111111
1657 1090 1932 1161 mortem,
1971 1087 2075 1161 qui
2117 1085 2410 1163 indignis-

409 1169 567 1227 sime
588 1168 964 1244 interierunt,
1012 1176 1192 1245 atque
1226 1162 1344 1228 hos
1366 1170 1637 1229 latrones
1660 1169 2110 1231 interficiamus.
2183 1171 2403 1231 Osten-

409 1253 508 1312 dit
550 1254 714 1314 cives
735 1215 1062 1330 Romanos,
1111 1256 1211 1330 qui
1257 1255 1311 1331 ej
1319 1275 1391 1314 us
1435 1255 1708 1333 praesidii
1762 1254 1986 1315 fiducia
2039 1278 2159 1316 una
2216 1265 2406 1317 erant.

411 1338 714 1398 Continuo
758 1360 1040 1416 magnum
1086 1361 1402 1399 numerum
1445 1341 1735 1400 frumenti
1781 1350 2272 1419 commeatusque
2317 1343 2405 1402 di—

406 1425 574 1502 ripit,
620 1426 786 1503 ipsos
832 1426 1159 1485 crudeliter
1203 1427 1579 1486 excruciatos
1634 1426 1952 1502 interficit3
2003 1430 2248 1488 nuntios
2283 1434 2412 1488 tot'a

410 1511 668 1570 civitate
710 1510 1088 1570 Haeduorum
1144 1512 1409 1587 dimittit,
1468 1513 1681 1571 eodem
1739 1514 2052 1573 mendacio
2110 1514 2187 1573 de
2244 1514 2410 1575 caede

410 1597 685 1672 equitum
731 1604 793 1655 et
834 1598 1173 1675 principum
1217 1605 1561 1677 permovet;
1608 1599 1904 1674 hortatur,
1952 1607 2021 1658 ut
2079 1600 2259 1658 simili
2314 1620 2409 1659 ra-

408 1683 596 1757 tione,
644 1690 827 1758 atque
870 1684 1004 1760 ipse
1049 1681 1279 1759 fecerit,
1328 1702 1472 1743 suas
1518 1683 1774 1760 injurias
1817 1692 2286 1761 persequantur.

582 1768 896 1827 XXXIX.
988 1769 1367 1847 Eporedorix
1410 1768 1708 1845 Haeduus,
1757 1790 1989 1829 summo
2049 1771 2181 1829 loco
2226 1777 2408 1830 natus

407 1854 772 1914 adolescens
818 1861 880 1912 et
925 1874 1173 1914 summae
1220 1855 1381 1914 domi
1425 1856 1745 1932 potentiae,
1794 1863 1856 1914 et
1899 1877 2021 1915 una
2065 1856 2407 1915 Viridoma-

405 1959 538 2014 rus,
584 1941 717 2018 pari
762 1946 943 2000 aetate
989 1948 1049 1999 et
1092 1940 1307 2018 gratia,
1356 1941 1466 1999 sed
1509 1960 1732 2017 genere
1770 1941 2018 2019 dispari,
2069 1960 2250 2017 quem
2276 1941 2406 2001 (3ae-

406 2046 517 2085 sar
561 2026 635 2084 ab
679 2026 983 2093 Divitiaco
1030 2027 1147 2085 sibi
1191 2026 1482 2085 traditum
1529 2046 1604 2085 ex
1647 2027 1856 2087 humili
1912 2028 2045 2086 loco
2104 2027 2181 2086 ad
2243 2047 2404 2086 sum-

403 2133 573 2170 mam
615 2111 973 2188 dignitatem
1006 2112 1392 2189 perduxerat,
1427 2113 1491 2170 in
1525 2113 1796 2188 equitum
1827 2133 2079 2177 numero
2106 2133 2404 2174 convene-

405 2204 553 2257 rant
593 2197 944 2256 nominatim
1000 2199 1075 2256 ab
1134 2218 1203 2257 eo
1265 2199 1521 2277 evocati.
1626 2199 1742 2257 His
1787 2206 1935 2258 erat
1989 2200 2148 2258 inter
2208 2219 2274 2258 se
2332 2199 2408 2258 de

409 2284 757 2361 principatu
802 2284 1126 2358 contenti0,
1186 2291 1248 2343 et
1289 2283 1353 2342 in
1395 2284 1504 2343 illa
1546 2285 2014 2362 magistratuum
2061 2291 2408 2346 controver-

409 2370 507 2428 sia
550 2370 705 2428 alter
745 2389 855 2446 pro
884 2369 1365 2444 Convictolitavi,
1415 2370 1571 2428 alter
1623 2390 1734 2447 pro
1786 2368 1936 2428 Coto
1981 2371 2234 2433 summis
2281 2371 2407 2447 opi-

409 2456 531 2514 bus
575 2462 1013 2532 pugnaverant.
1105 2455 1201 2513 Ex
1255 2454 1351 2514 his
1407 2455 1788 2532 Eporedorix
1861 2455 2100 2532 cognito
2146 2455 2412 2515 Litavici

412 2540 667 2600 consilio
712 2541 912 2599 media
955 2540 1086 2600 fere
1129 2547 1310 2599 nocte
1354 2561 1483 2599 rem
1523 2540 1601 2598 ad
1627 2539 1932 2599 Caesarem
1978 2539 2204 2614 defert;
2256 2548 2408 2615 orat,

408 2646 492 2685 ne
536 2626 800 2704 patiatur
855 2627 1163 2687 civitatem
1217 2627 1425 2704 pravis
1430 2614 1948 2684 adolescentium
2004 2626 2273 2684 consiliis
2334 2628 2410 2685 ab

411 2712 681 2771 amicitia
744 2713 954 2791 populi
997 2711 1257 2771 Romani
1324 2710 1603 2787 deficere,
1674 2711 1838 2788 quod
1892 2711 2167 2771 futurum
2199 2712 2412 2809 ‘provi-

413 2797 577 2873 deat,
626 2798 679 2856 si
723 2818 790 2857 33
835 2805 927 2856 tot
970 2798 1277 2857 hominum
1321 2797 1487 2856 milia
1545 2818 1680 2856 cum
1737 2798 2019 2856 hostibus
2077 2797 2408 2874 conjunxe-

411 2884 554 2958 rint,
602 2903 855 2958 quorum
900 2885 1159 2943 salutem
1200 2903 1398 2958 neque
1442 2883 1768 2961 propinqui
1810 2884 2150 2961 negligere,
2208 2903 2408 2960 neque

413 2969 633 3029 civitas
676 2970 798 3029 levi
842 2978 1142 3028 momento
1191 2969 1496 3028 aestimare
1540 2977 1770 3047 posset.

587 3055 723 3114 XL.
812 3055 1041 3132 Magna
1064 3053 1325 3114 affectus
1352 3055 1760 3114 sollicitudine
1793 3055 1906 3113 hoc
1942 3030 2154 3114 nuntio
2180 3053 2412 3129 Caesar,

416 3140 580 3215 quod
636 3160 878 3218 semper
942 3141 1319 3200 Haeduorum
1388 3141 1620 3201 civitati
1676 3141 1986 3218 praecipue
2045 3140 2409 3214 indulserat,

413 3227 582 3286 nulla
624 3228 984 3304 interposita
1030 3227 1409 3286 dubitatione
1453 3226 1735 3303 legiones
1769 3226 2104 3304 expeditas·
2129 3230 2416 3300 quattuor
2451 3242 2456 3247 ’

416 3313 873 3388 equitatumque
920 3333 1154 3372 omnem
1200 3333 1275 3372 ex
1322 3312 1542 3371 castris
1578 3310 1801 3387 educit,
1848 3330 1960 3369 nec
1996 3309 2113 3368 fuit
2148 3310 2416 3388 spatium

416 3399 528 3456 tali
568 3407 841 3477 tempore
888 3399 966 3457 ad
1026 3397 1435 3458 contrahenda
1493 3404 1714 3471 castra,
1762 3396 1923 3471 quod
1977 3416 2076 3455 res
2111 3396 2311 3474 posita
2353 3397 2417 3454 in

418 3485 728 3544 celeritate
762 3483 1101 3545 videbatur.
1152 3484 1226 3543 G.
1269 3483 1530 3542 Fabium
1571 3483 1841 3559 legatum
1887 3502 2024 3541 cum
2067 3481 2415 3558 legionibus

417 3569 657 3630 duabus
692 3571 923 3640 ‚castris
968 3569 1255 3648 praesidio
1300 3569 1608 3644 relinquit.
1656 3568 1907 3627 Fratres
1931 3567 2197 3629 Litavici
2222 3588 2408 3643 quum

419 3655 848 3734 comprehendi
885 3656 1198 3732 jussisset,
1245 3655 1426 3733 paulo
1474 3660 1616 3717 ante
1659 3653 1890 3731 reperit
1923 3653 2001 3713 ad
2023 3655 2232 3713 hostes
2265 3674 2406 3731 pro-

416 3740 671 3819 fugisse.
760 3741 1143 3800 Adhortatus
1186 3741 1428 3816 milites,
1475 3761 1554 3798 ne
1597 3739 1946 3799 necessario
2008 3745 2277 3816 tempore
2321 3739 2416 3797 iti-

418 3828 582 3887 neris
647 3828 857 3887 labore
922 3833 1409 3905 permoveantur,
1481 3825 1893 3904 cupidissimis
1954 3825 2232 3883 omnibus
2275 3843 2415 3900 pro-

416 3933 668 3990 gressus
712 3914 877 3972 milia
920 3933 1213 3991 passuum
1256 3912 1463 3988 XXV,
1502 3931 1721 3988 agmen
1753 3909 2130 3969 Haeduorum
2176 3908 2417 3987 conspi-

420 4004 613 4074 catUS,
660 3999 931 4058 immisso
990 3999 1265 4074 equitatu
1318 3997 1437 4056 iter
1495 4017 1701 4056 eorum
1757 4000 2026 4054 moratur
2082 4001 2263 4069 atque
2306 3994 2417 4052 im—

416 4084 589 4163 pedit
641 4084 1069 4160 interdicitque
1126 4083 1424 4166 omnibus,
1470 4102 1549 4141 ne
1606 4099 1968 4157 quemquam
2023 4077 2416 4139 interficiant.
