2967 4609
257 345 301 402 40
567 338 620 390 DE
638 334 765 391 BELLO
784 334 955 391 GALLIGO

257 533 366 611 proelic
399 532 537 592 nuntiato
567 550 658 609 cursu
687 532 812 590 incitato
842 532 875 589 in
903 550 1019 589 summo
1049 530 1125 589 colle
1148 531 1185 589 ab
1209 532 1263 590 ho·

260 621 358 679 stibus
382 617 655 696 conspiciebantur,
685 624 716 675 et
737 618 772 675 T.
801 618 956 676 Labienus
986 616 1096 675 castris
1129 617 1262 676 hostium

259 706 374 784 potitus
398 713 428 765 et
451 725 488 763 ex
510 703 576 762 loco
600 704 765 780 superiore,
789 723 857 777 quae
880 722 930 761 res
952 703 983 760 in
1010 702 1123 761 nostris
1152 704 1264 763 castris
1315 768 1322 780 ,

225 856 228 861 Δ
260 798 447 869 gererentur,
472 790 665 866 conspicatus
688 788 837 848 decimam
865 788 1015 865 legionem
1044 787 1180 846 subsidio
1209 810 1261 848 no-

262 878 334 937 stris
363 876 454 935 misit.
512 874 571 946 Qui
602 895 693 949 quum
722 894 760 933 ex
788 874 923 949 equitum
953 881 983 932 11
1012 874 1151 933 calonum
1179 874 1261 956 fuga,

261 983 320 1039 quo
343 962 374 1022 in
396 963 463 1021 loco
486 980 536 1020 res
560 966 650 1034 esset,
675 967 848 1035 quantoque
878 960 910 1018 in
936 960 1072 1037 periculo
1103 966 1134 1019 11
1162 971 1263 1019 castra

262 1059 293 1108 et
313 1049 449 1126 legiones
473 1055 503 1106 11
525 1047 690 1124 imperator
711 1053 896 1119 versaretur,
926 1046 1159 1122 cognovissent,
1188 1046 1264 1105 nihil

262 1136 302 1195 ad
325 1134 511 1195 celeritatem
535 1131 726 1207 sibirreliqui
747 1130 895 1190 fecerunt.

345 1219 484 1279 XXVII.
530 1218 646 1276 Horum
669 1217 803 1279 adventu
824 1224 910 1275 tanta
939 1236 1040 1276 rerum
1070 1218 1263 1276 commutatio

263 1314 310 1367 est
332 1306 424 1379 facta,
447 1312 482 1363 111
504 1303 610 1379 nostri,
642 1303 733 1361 etiam
762 1303 814 1378 qui
840 1302 1018 1362 vulneribus
1047 1301 1178 1361 confecti
1194 1324 1265 1381 pro·

262 1393 449 1466 cubuissent,
484 1389 578 1448 scutis
607 1388 702 1447 innixi
734 1388 875 1465 proelium
907 1388 1166 1465 redintegrarent,
1200 1396 1265 1447 tum

226 1520 232 1535 .
264 1480 402 1551 calones,
442 1475 620 1554 perterritos
653 1475 758 1533 hostes
792 1474 975 1551 conspicati,
1010 1474 1101 1532 etiam
1134 1474 1266 1533 inermes

264 1563 389 1624 armatis
412 1568 615 1635 occurrerent,
640 1560 758 1635 equites
781 1580 863 1634 vero,
886 1567 921 1618 ut
942 1558 1160 1636 turpitudinem
1183 1559 1265 1637 fugae

263 1650 377 1711 virtute
401 1648 546 1722 delerent,
570 1647 709 1705 omnibus
720 1646 752 1704 in
771 1646 847 1705 locis
864 1643 1027 1723 pugnando
1046 1644 1266 1722 selegionariis

263 1736 411 1796 militibus
434 1732 624 1811 praeferrent.
669 1726 712 1790 At
733 1733 838 1792 hostes
861 1733 951 1790 etiam
980 1731 1012 1789 in
1042 1738 1182 1790 extrema
1212 1751 1267 1810 spe

265 1822 373 1882 salutis
407 1826 523 1881 tantam
552 1819 698 1878 virtutem
727 1818 954 1895 praestiterunt,
984 1825 1034 1892 ut,
1064 1837 1156 1892 quum
1177 1818 1269 1895 primi

210 1970 213 1975 ,
264 1928 368 1968 eorum
392 1905 588 1979 cecidissent,
616 1904 745 1981 proximi
770 1903 951 1979 jacentibus
978 1902 1155 1961 insisterent
1177 1911 1269 1979 atque

266 2015 303 2053 ex
327 2012 430 2053 eorum
453 1990 631 2068 corporibus
654 1996 834 2067 pugnarent,
858 1988 906 2047 his
934 1987 1064 2063 dejectis
1093 1996 1124 2047 et
1147 2008 1270 2048 coacer-

265 2079 345 2139 vatis
375 2076 589 2150 cadaveribus,
620 2075 672 2151 qui
700 2081 911 2152 superessent,
936 2082 970 2133 ut
999 2094 1036 2132 ex
1063 2075 1178 2133 tumulo
1206 2074 1269 2133 tela

264 2166 297 2223 in
319 2170 441 2222 nostros
465 2160 651 2238 conjicerent
675 2168 705 2218 et
726 2161 790 2237 pile
817 2161 986 2237 intercepta
1008 2160 1206 2234 remitterent,
1235 2168 1270 2219 ut

265 2270 325 2323 non
347 2248 548 2324 nequicquam
570 2253 663 2305 tantae
686 2246 808 2305 virtutis
831 2246 968 2305 homines
987 2244 1121 2321 judicari
1143 2246 1270 2305 deberet

266 2355 357 2396 ausos
381 2352 449 2393 esse
471 2333 602 2392 transire
624 2332 807 2391 latissimum
823 2330 944 2404 flumen,
968 2332 1134 2390 ascendere
1157 2332 1270 2391 altissi-

264 2442 330 2481 mas
359 2421 452 2498 ripas,
482 2419 584 2478 subire
613 2418 837 2493 iniquissimum
865 2418 974 2492 locum,
1005 2436 1073 2494 quae
1101 2416 1205 2477 facilia
1233 2437 1272 2475 ex

266 2507 454 2567 difficillimis
478 2505 569 2564 animi
591 2502 768 2581 magnitudo
790 2503 961 2580 redegerat.

351 2591 508 2652 XXVIII.
544 2592 611 2650 Hoc
635 2590 742 2668 proelio
766 2589 847 2648 facto
871 2597 902 2648 11
918 2609 1013 2667 prope
1034 2589 1270 2648 adinterneoio-

266 2701 335 2739 nem
358 2685 449 2755 gente
473 2697 508 2735 ac
530 2677 650 2735 nomine
668 2676 851 2735 Nerviorum
873 2675 1007 2745 redacto,
1031 2674 1163 2751 majores
1185 2682 1270 2749 natu,

267 2786 343 2841 quos
367 2784 428 2822 una
450 2782 518 2821 cum
540 2762 644 2840 pueris
667 2761 906 2835 mulieribusque
933 2762 966 2818 in
994 2760 1138 2818 aestuaria
1160 2780 1196 2818 ac
1218 2781 1272 2837 pa·

266 2851 355 2911 ludes
385 2848 541 2924 conjectos
570 2847 759 2920 dixeramus,
789 2847 846 2905 hac
873 2866 976 2923 pugna
1005 2846 1144 2903 nuntiata
1178 2864 1272 2920 quum

268 2936 436 2999 victoribus
458 2934 533 2993 nihil
555 2933 742 3011 impeditum,
766 2932 856 2991 victis
878 2932 954 2989 nibil
976 2938 1076 2989 tutum
1088 2931 1272 2990 arbitraren-

267 3032 327 3098 tur,
352 3020 491 3095 omnium,
515 3020 566 3095 qui
589 3025 785 3096 supererant,
816 3037 967 3075 consensu
996 3017 1115 3093 legatos
1143 3015 1271 3076 111011-

268 3128 367 3169 sarem
390 3106 538 3165 miserunt
571 3125 665 3180 seque
699 3104 727 3162 ei
761 3102 942 3161 dedidenmt
975 3110 1005 3160 et
1032 3102 1064 3161 in
1092 3122 1273 3161 commemo·

269 3194 365 3255 rande
395 3192 527 3252 civitatis
557 3190 730 3250 calamitate
760 3210 797 3247 ex
824 3189 977 3248 sexcentis
1005 3188 1045 3246 ad
1066 3195 1129 3247 tres
1153 3196 1272 3248 senato-

154 3286 156 3289 ’
268 3301 328 3356 111,
364 3300 401 3339 ex
422 3278 576 3337 hominum
608 3277 730 3334 milibus
759 3275 820 3333 LX
848 3275 900 3335 vix
928 3275 966 3333 ad
995 3274 1191 3351 quingentos,
1221 3275 1273 3350 qui

270 3387 353 3426 arma
374 3364 455 3423 ferre
477 3370 614 3442 possent,
638 3381 706 3421 sese
728 3361 871 3420 redactos
894 3380 963 3420 esse
986 3360 1136 3420 dixerunt.
1188 3359 1273 3431 Quos

271 3452 389 3525 Caesar,
418 3457 453 3509 ut
485 3450 517 3507 in
550 3448 677 3507 miseros
711 3468 747 3506 ac
781 3447 935 3524 supplices
962 3464 1037 3504 usus
1065 3446 1274 3505 misericordia

270 3538 434 3611 videretur,
459 3534 691 3613 diligentissime
715 3532 909 3592 conservavit
936 3525 1061 3607 suisque
1088 3530 1199 3591 finibus
1229 3539 1274 3591 at-

271 3644 330 3699 que
354 3621 473 3700 oppidis
495 3621 541 3680 uti
559 3619 655 3697 jussit
677 3626 708 3679 et
735 3618 872 3677 finitimis
894 3617 1070 3694 imperavit,
1101 3624 1135 3676 ut
1163 3620 1200 3683 ab
1228 3618 1274 3676 in-

270 3709 350 3787 juria
373 3716 403 3766 et
424 3705 572 3765 maleficio
597 3725 630 3765 se
653 3724 787 3780 suosque
809 3703 1014 3781 prohiberent.

357 3792 481 3853 XXIX.
537 3791 705 3865 Aduatuci,
741 3789 779 3847 de
813 3790 923 3865 quibus
957 3809 1050 3865 supra
1083 3788 1273 3866 scripsimus,

273 3902 366 3957 quum
406 3878 544 3938 omnibus
585 3878 680 3954 copiis
721 3876 832 3933 auxilio
865 3874 988 3934 Nerviis
1021 3875 1175 3950 venirent,
1216 3875 1274 3933 hac

170 3981 173 3987 ’
272 3986 375 4044 pugna
403 3963 543 4022 nuntiate
566 3983 603 4021 ex
634 3963 742 4021 itinere
771 3961 893 4019 domum
920 3966 1127 4033 reverterunt3
1157 3960 1276 4019 cunctis

273 4051 393 4131 oppidis
417 4049 612 4124 castellisque
641 4047 771 4107 desertis
800 4066 856 4105 sua
885 4045 985 4105 omnia
1011 4044 1042 4103 in
1070 4065 1162 4105 unum
1190 4047 1276 4130 oppi-
