2967 4609
1206 365 1447 419 LIBER
1483 366 1593 419 111.
2331 381 2392 433 15

387 561 650 640 primum
695 559 938 635 quidem
980 579 1164 638 posse
1208 561 1500 638 impetum
1545 580 1722 619 suum
1767 562 2053 621 sustineri
2087 564 2388 627 existima-

388 649 558 706 bant.
648 646 1020 721 Accedebat,
1079 646 1242 721 quod
1310 666 1454 706 suos
1512 647 1588 705 ab
1648 666 1713 705 se
1767 647 1993 707 liberos
2052 649 2392 709 abstractus

396 732 676 792 obsidum
730 732 970 790 nomine
1032 732 1318 791 dolebant
1374 739 1437 791 et
1489 732 1801 791 Romanos
1872 754 1994 792 non
2050 735 2243 793 solum
2298 736 2388 793 iti-

389 838 605 878 nerum
651 836 852 892 causa,
901 817 1012 876 sed
1057 818 1239 877 etiam
1293 825 1606 895 perpetuae
1664 820 2073 896 possessionis
2133 820 2388 879 culmina.

389 902 636 981 Alpium
681 923 980 981 occupare
1026 904 1248 962 conari'
1277 911 1338 962 et
1395 924 1466 962 ea
1525 904 1677 979 loca,
1735 903 1989 963 finitima
2043 907 2388 983 provinciae-

390 990 724 1066 adjungere
769 990 904 1064 sibi,
950 1007 1310 1067 persvasum
1353 990 1680 1048 habebant.

405 1128 419 1135 ,
568 1076 692 1134 ΙΠ.
784 1075 900 1133 His
944 1075 1172 1133 nuntiis
1219 1076 1489 1152 acceptis
1516 1074 1732 1150 Galba,
1782 1082 1965 1151 quum
1996 1096 2193 1152 neque
2240 1097 2392 1154 opusn

390 1160 779 1219 hibernorum
821 1161 1304 1237 munitionesque
1365 1161 1544 1238 plene
1601 1169 1807 1220 essent
1861 1161 2152 1239 perfectae
2196 1182 2388 1237 nequi·

394 1246 470 1305 de
512 1245 815 1305 frumento
860 1247 1213 1321 reliquoque
1259 1252 1597 1305 commeatu
1642 1248 1795 1307 satis
1853 1256 2017 1307 esset
2060 1249 2368 1326 provisum
2380 1297 2388 1305 ,.

394 1332 557 1407 quod
637 1332 957 1395 deditione,
999 1331 1166 1390 facta
1243 1332 1678 1407 obsidibusque
1758 1335 2026 1411 acceptis
2102 1334 2252 1393 nihil
2320 1337 2392 1389 dv

389 1418 551 1477 bello
601 1417 934 1476 timendum
981 1418 1464 1493 existimaverat,
1528 1419 1779 1478 consilio
1840 1420 2118 1479 celeriter
2175 1440 2388 1479 convu-

393 1510 528 1561 cato
571 1504 904 1562 sententias
951 1504 1298 1578 exquireres
1324 1504 1525 1581 coepit.
1619 1503 1751 1575 Quo
1796 1505 1858 1563 in
1905 1506 2174 1580 consili0,
2212 1526 2388 1581 quun]

391 1595 626 1658 tantum
681 1590 982 1667 repentini
1041 1589 1295 1667 periculi
1349 1596 1574 1667 praeter
1632 1590 1973 1667 opinionem
2042 1590 2384 1651 accidisset,

391 1694 463 1733 ac
511 1674 637 1751 jam
704 1675 902 1733 omnia
955 1674 1087 1734 fere
1144 1676 1458 1752 superiora
1514 1675 1651 1734 loca
1706 1676 2091 1736 multitudine
2137 1689 2388 1735 armat-m-

393 1780 528 1818 rum
611 1761 911 1837 completa
987 1762 1514 1838 conspicerentur,
1581 1780 1779 1837 neque
1861 1762 2133 1820 subsidio
2200 1765 2388 1821 veniri

390 1866 587 1923 neque
644 1853 1011 1905 commeatus
1071 1847 1416 1923 supportari
1472 1847 1821 1905 interclusis
1876 1848 2194 1906 itineribus
2252 1869 2388 1925 pos-

391 1939 546 2006 sent,
614 1952 804 2009 prope
855 1932 881 2007 j
891 1953 987 1990 am
1043 1932 1366 2010 desperata
1422 1931 1619 1991 salute
1673 1934 1978 1992 nonnullae
2049 1933 2388 2009 hujusmodi

390 2017 710 2076 sententiae
756 2017 1133 2092 dicebantur,
1179 2025 1246 2076 ut
1287 2018 1737 2095 impedimentis
1782 2019 2031 2094 relictis,
2080 2018 2392 2096 eruptioni*

394 2101 562 2161 facta
604 2103 820 2161 iisdem
864 2103 1202 2178 itineribus,
1252 2104 1471 2178 quibus
1520 2124 1588 2163 eo
1649 2106 2102 2182 pervenissent,
2166 2105 2244 2164 ad
2301 2125 2388 2165 sai-

392 2189 580 2247 lutem
649 2188 1098 2247 contenderent.
1211 2189 1335 2266 Maj
1343 2190 1433 2248 ori
1498 2197 1701 2249 tamen
1766 2192 1927 2268 parti
1980 2191 2210 2268 placuit
2280 2191 2388 2249 hua-

391 2282 706 2335 reservato
754 2274 834 2333 ad
878 2282 1211 2333 extremum
1246 2276 1499 2333 consilio
1544 2276 1785 2335 interim
1829 2278 1918 2335 rei
1965 2283 2247 2336 eventum
2294 2296 2388 2335 ex-

391 2360 574 2436 periri
620 2366 683 2435 et
726 2367 929 2420 castra
975 2359 1322 2419 defendere.

559 2446 672 2505 IV.
761 2446 948 2506 Brevi
993 2447 1190 2523 spatio
1235 2445 1575 2522 interjectO,
1623 2446 1726 2505 vix
1770 2453 1837 2503 ut
1880 2446 1955 2504 iis
1990 2447 2194 2521 rebUS,
2242 2466 2392 2520 qum

391 2531 887 2605 constituissent,
948 2531 1316 2590 collocandis
1374 2538 1556 2605 atque
1614 2531 2107 2590 administrandis
2151 2539 2392 2608 tempus

391 2616 657 2692 daretur,
703 2618 912 2691 hostes
959 2638 1032 2676 ex
1079 2618 1354 2675 omnibus
1412 2617 1690 2693 partibus
1748 2617 1922 2694 signo
1980 2617 2121 2675 dato
2181 2616 2388 2675 decur-

394 2722 547 2778 rere,
594 2702 830 2780 lapides
875 2723 1162 2780 gaesaque
1206 2704 1270 2761 in
1313 2702 1541 2761 vallum
1587 2702 1905 2779 conjicere.
2005 2702 2218 2762 Nostri
2272 2705 2388 2780 pri-

393 2807 490 2845 mo
533 2789 786 2865 integris
832 2788 1064 2847 viribus
1109 2788 1350 2847 fortiter
1393 2808 1735 2865 repugnare
1791 2808 1987 2864 neque
2030 2789 2221 2847 ullum
2264 2788 2388 2847 fru-

399 2883 526 2932 stra
569 2875 755 2933 telum
815 2895 888 2932 ex
932 2875 1066 2933 loco
1125 2875 1434 2952 superiore
1489 2874 1759 2950 mittere;
1819 2882 1888 2933 ut
1941 2895 2196 2951 quaeque
2249 2896 2392 2952 para-«2

391 2966 726 3018 castrorum
769 2945 998 3017 nudata
1043 2960 1464 3019 defensoribus
1519 2962 1712 3037 premi
1764 2959 2117 3033 videbatur,
2179 2980 2248 3019 eo
2296 2982 2388 3019 m:-

399 3064 638 3104 currere
686 3053 748 3105 et
792 3046 1079 3104 auxilium
1122 3046 1313 3118 ferre,
1364 3045 1474 3105 sed
1518 3046 1633 3105 hoc
1691 3046 1985 3124 superari,
2044 3046 2207 3121 quod
2262 3045 2388 3105 diu-

392 3131 678 3189 turnitate
722 3151 944 3209 pugnae
989 3132 1198 3190 hostes
1256 3131 1489 3190 defessi
1542 3132 1755 3208 proelio
1826 3131 2221 3205 excedebant,
2292 3133 2388 3189 alii

394 3216 645 3293 integris
706 3217 938 3276 viribus
1006 3218 1444 3292 succedebant,
1506 3237 1759 3291 quarum
1814 3237 2016 3275 rerum
2073 3237 2107 3274 a
2162 3217 2388 3274 nostris

393 3310 643 3380 propter
685 3303 1054 3379 paucitatem
1096 3302 1230 3373 fieri
1273 3302 1421 3361 nihil
1464 3308 1723 3379 poterat,
1785 3322 1855 3361 ac
1899 3321 2020 3359 non
2064 3301 2240 3359 modo
2288 3302 2380 3361 de-

392 3385 554 3446 fesso
613 3408 688 3447 ex
744 3408 950 3465 pugna
996 3388 1346 3463 excedendi,
1407 3388 1518 3447 sed
1572 3393 1648 3446 ne
1705 3388 1911 3446 saucio
1970 3386 2212 3462 quidem
2257 3388 2388 3464 ejus

391 3472 526 3548 loci,
572 3474 679 3532 ubi
725 3474 1100 3550 constiterat,
1146 3473 1527 3549 relinquendi
1572 3493 1642 3531 ac
1689 3474 1784 3531 sui
1820 3472 2154 3550 recipiendi
2196 3471 2384 3533 facul*

389 3564 485 3617 tas
531 3559 808 3618 dabatur.

558 3645 634 3703 V.
727 3644 926 3716 Quum
962 3644 1092 3721 jam
1138 3645 1394 3722 amplius
1438 3644 1604 3703 horis
1652 3665 1761 3704 sex
1819 3644 2196 3704 continenter
2238 3666 2384 3722 pug-

389 3737 652 3805 naretur,
723 3750 793 3789 ac
842 3750 964 3790 non
1020 3731 1214 3790 solum
1281 3731 1462 3806 vireS,
1534 3730 1644 3789 sed
1711 3732 1892 3790 etiam
1956 3731 2081 3788 tela
2143 3738 2384 3788 nostrus

391 3813 735 3891 deficerent,
785 3823 966 3891 atque
1010 3817 1220 3875 hostes
1279 3817 1475 3875 acrius
1530 3816 1830 3876 instarent
1882 3815 2379 3892 langvidiofibus

391 3920 507 3975 que
549 3903 776 3961 nostris
821 3902 1048 3961 vallum
1095 3902 1371 3961 scindere
1433 3908 1495 3961 et
1551 3901 1754 3961 fossas
1813 3902 2114 3978 complere
2160 3901 2384 3977 coepis-

391 3994 545 4062 sent,
573 3981 577 3987 ’
601 4007 822 4063 resque
879 3995 1045 4046 esset
1101 3988 1232 4064 jam
1290 3988 1367 4046 ad
1427 3995 1761 4047 extremum
1803 3987 2098 4066 perducta
2159 4004 2382 4045 casum.

388 4071 457 4129 P.
505 4072 747 4133 Sextius
793 4074 1080 4148 Baculus,
1138 4074 1317 4151 primi
1369 4074 1480 4150 pili
1537 4074 1826 4147 centurio,
1887 4090 2066 4147 quem
2120 4070 2384 4132 Nervico
