2967 4609
588 355 640 409 DE
657 354 785 410 BELLO
804 356 973 412 GALLIOO

608 1235 789 1318 tisun
819 1234 927 1360 Vffl·

268 1349 410 1469 Coactus
434 1410 566 1470 assiduis
588 1411 650 1469 tuis
672 1410 809 1484 vocibus,
833 1410 946 1483 Balbe,
976 1429 1069 1485 quum
1097 1409 1274 1485 quotidiana

270 1516 339 1555 mea
359 1496 511 1555 recusatio
533 1516 594 1555 non
623 1495 814 1555 difficultatis
844 1495 1085 1571 excusationem,
1116 1495 1171 1555 sed
1190 1495 1272 1554 iner-
1367 1495 1378 1502 “

268 1583 319 1640 tiae
348 1581 503 1641 videretur
536 1583 780 1660 deprecationem
807 1582 937 1656 habere,
967 1580 1178 1641 difficillimam
1205 1601 1273 1640 rem

268 1667 399 1744 suscepi.
447 1666 579 1727 Oaesaris
606 1669 704 1727 nostri
732 1667 964 1726 commentarios
993 1673 1274 1744 rerumgestarum

268 1750 398 1826 [Galliae]
422 1774 483 1813 non
505 1754 729 1814 cohaerentibus
753 1753 960 1832 superioribus
988 1761 1080 1829 atque
1108 1754 1271 1828 insequen-

266 1840 349 1898 tibus
374 1839 441 1916 ejus
464 1840 587 1918 scriptis
611 1840 750 1899 contexui
773 1839 1033 1915 novissimumque
1060 1838 1275 1917 imperfectum

267 1927 305 1984 ab
340 1925 434 1984 rebus
466 1927 563 2003 gestis
585 1925 781 1986 Alexandriae
815 1923 933 1984 confeci
966 1945 1064 2000 usque
1098 1925 1276 1984 aderitum

266 2031 329 2070 non
352 2011 474 2085 quidem
496 2012 595 2072 civilis
619 2012 828 2086 dissensionis,
853 2009 949 2089 cujus¹
972 2009 1063 2070 finem
1090 2011 1206 2070 nullum
1228 2011 1274 2070 vi·

270 2096 388 2171 demus,
418 2096 474 2156 sed
507 2098 579 2158 vitae
616 2097 757 2156 Caesaris.
821 2096 904 2167 Quos
933 2097 1048 2155 utinam
1079 2097 1131 2172 qui
1158 2097 1271 2174 legent,

269 2178 348 2241 scire
370 2182 498 2259 possint,
522 2202 613 2258 quam
634 2183 748 2242 invitus
771 2183 957 2259 susceperim
987 2181 1180 2258 scribendos,
1210 2202 1270 2258 quo

268 2266 390 2327 facilins
412 2287 532 2327 caream
553 2269 692 2327 stultitiae
717 2276 809 2344 atque
839 2269 1021 2345 arrogantiae
1050 2267 1188 2342 crimine,
1218 2269 1271 2342 qui

268 2374 317 2413 me
360 2353 468 2429 mediis
511 2354 746 2433 interposuerim
785 2353 915 2413 deseris
954 2355 1086 2432 scriptia.
1144 2353 1273 2413 Constat

269 2439 347 2500 enim
374 2439 454 2498 inter
481 2460 586 2519 omnes
614 2441 688 2500 nihil
716 2448 779 2500 tam
808 2459 934 2518 operose
958 2441 995 2498 ab
1020 2440 1087 2498 aliis
1111 2459 1179 2499 esse
1200 2459 1271 2517 per-

269 2525 394 2601 fectum,
426 2526 508 2601 quod
528 2547 590 2586 non
611 2527 719 2586 horum
741 2527 892 2603 elegantia
914 2527 1196 2585 commentariorum
1219 2545 1270 2584 su-

268 2618 405 2690 peretur;
435 2612 487 2687 qui
520 2619 591 2672 sunt
625 2613 712 2687 editi,
747 2632 785 2671 ne
819 2612 948 2671 scientia
981 2619 1134 2670 tantarum
1170 2631 1273 2670 rerum

269 2696 469 2775 scriptoribus
492 2697 623 2772 deesset,
646 2698 783 2774 adeoque
805 2698 973 2776 probantur
995 2697 1127 2757 omnium
1144 2696 1272 2773 judicio,

269 2790 305 2841 ut
326 2789 489 2860 praerepta,
522 2803 584 2842 non
616 2784 746 2862 praebita
778 2783 911 2843 facultas
945 2783 1146 2862 scriptoribus
1168 2781 1272 2842 videa·

270 2875 329 2926 tnr.
387 2865 482 2943 cnjus
515 2874 618 2929 tamen
649 2870 695 2928 rei
726 2869 825 2947 major
845 2877 952 2928 nostra
975 2889 1066 2945 quarn
1087 2868 1274 2944 reliquorum

270 2959 318 3012 est
340 2952 512 3012 admiratio:
537 2955 631 3014 ceteri
653 2955 742 3032 enim,
766 2955 956 3031 quambene
986 2961 1078 3031 atque
1101 2953 1272 3028 emendate,

268 3058 326 3097 nos
359 3039 460 3112 etiam,
495 3059 585 3115 quam
606 3040 697 3100 facile
720 3048 813 3118 atque
847 3041 986 3100 celeriter
1015 3061 1068 3100 eos
1094 3037 1271 3118 perfecerit,
1304 3109 1307 3118 ³

270 3126 402 3184 scimus·
447 3125 525 3184 Erat
559 3133 660 3187 autern
691 3128 724 3186 in
747 3127 869 3186 (lassare
898 3147 990 3202 quum
1018 3127 1149 3186 facultas
1179 3131 1273 3200 atque

269 3211 420 3288 elegantia
442 3230 559 3271 summa
580 3213 743 3288 scribendi,
772 3219 836 3271 tum
864 3213 1025 3272 verissima
1053 3211 1180 3271 scientia
1202 3229 1273 3270 suo-

269 3317 336 3354 rum
359 3296 551 3356 consiliorum
574 3299 830 3376 explicandorum.
875 3297 951 3356 Mihi
978 3319 1017 3358 ne
1044 3297 1121 3357 illud
1151 3295 1275 3372 quidem

266 3381 386 3455 accidit,
420 3389 454 3440 nt
486 3383 693 3444 Alexandrino
729 3391 821 3460 atque
842 3383 987 3443 Africano
1029 3384 1109 3443 bello
1143 3384 1272 3442 interes-

270 3487 350 3541 sem;
375 3486 442 3543 quae
464 3469 545 3528 bella
567 3491 739 3546 quanquam
761 3491 798 3530 ex
820 3477 907 3548 parte
934 3471 1023 3530 nobis
1047 3469 1178 3529 Caesaris
1206 3487 1270 3526 ser-

270 3571 361 3611 mone
383 3560 455 3626 sunt
476 3562 557 3631 nota,
587 3563 690 3614 tamen
718 3556 808 3615 aliter
830 3555 969 3614 audimus
993 3576 1043 3630 ea,
1073 3575 1141 3631 quae
1170 3572 1273 3612 rerum

269 3638 404 3697 novitate
438 3645 491 3696 aut
524 3641 722 3701 admiratione
755 3660 811 3701 nos
840 3642 972 3719 capiunt,
1004 3642 1091 3701 aliter
1119 3659 1186 3716 quae
1215 3658 1271 3716 pro

270 3724 443 3784 testimonio
467 3744 572 3785 sumus
595 3727 714 3786 dicturi.
761 3727 823 3786 Sed
851 3747 907 3804 ego
935 3728 1085 3802 nimirum,
1115 3726 1186 3784 dum
1209 3743 1271 3782 om·

228 3887 231 3892 -
270 3829 326 3869 nes
349 3811 554 3870 excusationis
577 3832 687 3872 causas
715 3813 841 3890 colligo,
863 3833 902 3871 ne
931 3833 1000 3872 cum
1024 3812 1147 3872 Caesare
1170 3808 1273 3869 confe-

270 3915 330 3970 rar,
353 3896 410 3954 hoc
432 3896 499 3973 ipso
523 3897 637 3957 crimen
660 3899 842 3976 arrogantiae
871 3899 983 3976 subeo,
1013 3899 1094 3982 quod
1123 3915 1171 3956 me
1190 3893 1273 3972 judi-

271 3980 317 4038 cio
353 3981 532 4056 cujusquam
565 3984 736 4043 existimem
767 4004 860 4061 posse
894 4005 961 4044 cum
996 3983 1118 4044 Gaesare
1151 4000 1273 4057 compa-

271 4065 341 4120 rari.
385 4065 472 4125 Vale.
1351 4065 1353 4069 ⁴
