2967 4609
651 300 824 382 111111.
1182 338 1220 394 77

212 524 301 583 vibus
325 521 491 582 meridiano
514 520 580 581 fere
603 528 749 599 tempore,
778 541 877 597 neque
906 522 937 580 in
967 542 1002 580 eo
1031 522 1098 581 loco
1121 523 1219 583 hostis

211 615 258 667 est
280 608 382 682 visus,
415 606 484 681 sed,
514 614 549 665 ut
576 614 685 684 postea
708 606 813 666 Caesar
842 626 879 665 ex
907 607 1038 684 captivis
1067 610 1219 685 cognovit,

214 714 306 769 quum
335 711 454 768 magnai
481 712 589 750 manue
617 712 652 752 eo
683 692 914 766 convenissent,
943 693 1139 752 multitudine
1166 715 1219 753 na-

212 779 296 837 vium
323 776 494 855 perterritae
523 777 602 853 (quae
632 797 701 836 cum
731 778 885 836 annotinis
913 778 1119 854 privatisque,
1143 799 1219 854 quas

211 864 258 922 sui
297 864 426 938 quisque
466 862 615 921 commodi
649 882 742 922 causa
777 862 904 937 fecerat,
947 863 1077 939 amplius
1111 863 1220 923 Dece

211 969 270 1007 uno
294 955 381 1007 erant
403 948 479 1007 visae
502 947 650 1025 tempore)
679 970 697 1007 a
719 948 817 1007 litore»
831 948 1039 1007 discesserant
1068 969 1103 1007 ac
1132 969 1165 1009 11
1188 951 1219 1008 in
1267 1013 1271 1020 ¹

215 1034 371 1111 superiora
393 1033 461 1092 loca
484 1033 674 1092 abdiderant.

294 1118 354 1177 IX.
402 1117 506 1177 011111
534 1119 671 1196 exposito
700 1120 837 1178 exercitu
865 1127 896 1177 et
923 1119 990 1177 loco
1021 1120 1131 1179 caetris
1153 1120 1218 1178 ido·

210 1224 265 1262 neo
300 1210 388 1282 capto
422 1204 475 1262 ubi
509 1224 547 1262 ex
580 1204 710 1281 captivis
744 1205 897 1281 cognovit,
932 1225 991 1279 quo
1021 1204 1053 1262 in
1075 1204 1142 1264 loco
1165 1206 1218 1264 ho-

211 1290 303 1347 stium
326 1289 423 1366 copiae
448 1289 669 1364 consedissent,
695 1289 871 1349 cohortibus
894 1290 926 1347 X
956 1289 996 1347 ad
1025 1311 1109 1349 marc
1131 1290 1218 1349 relic-

211 1374 251 1432 tis
273 1382 304 1433 et
327 1374 480 1449 equitibus
505 1374 590 1450 000,
622 1376 673 1450 qui
701 1375 845 1453 praesidio
874 1376 1005 1435 navibus
1028 1383 1146 1451 essent,
1181 1376 1219 1436 de

211 1460 300 1517 tertia
321 1460 427 1536 vigilia
450 1460 489 1518 ad
511 1460 617 1519 hostes
641 1461 806 1535 contendit,
839 1481 873 1519 eo
903 1461 1003 1519 minus
1026 1462 1143 1521 veritus
1165 1483 1219 1521 na-

210 1544 307 1619 vibus,
343 1544 425 1620 quod
457 1545 488 1603 in
521 1546 610 1603 litore
638 1546 721 1604 molli
749 1555 841 1621 atque
871 1552 976 1623 aperto
1006 1547 1156 1623 deligatas
1180 1548 1219 1606 ad

211 1650 351 1689 ancoram
373 1630 574 1705 relinquebat,
599 1638 630 1690 et
651 1631 795 1708 praesidio
818 1631 1011 1706 navibusque
1036 1631 1071 1702 Q.
1095 1633 1219 1690 Atrium

210 1715 357 1793 praefecit.
410 1716 484 1793 Ipse
512 1722 605 1775 noctu
632 1736 814 1794 progressus
845 1717 928 1775 milia
956 1736 1104 1794 passuum
1132 1718 1231 1776 circi·

211 1808 257 1859 ter
277 1800 346 1859 XII
368 1801 503 1860 hostium
533 1802 637 1879 copias
667 1804 864 1879 conspicatus
893 1810 949 1859 est.
1000 1801 1052 1859 Illi
1081 1802 1218 1876 equitatu

211 1893 299 1961 atque
334 1886 451 1946 essedis
486 1886 524 1944 ad
552 1884 665 1946 fiumen
697 1889 855 1965 progressi
889 1907 926 1945 ex
959 1888 1026 1945 loco
1061 1887 1217 1964 superiore

208 1978 329 2029 nostros
367 1972 528 2049 prohibere
569 1980 599 2031 et
638 1974 779 2050 proelium
819 1974 1009 2032 committere
1049 1982 1216 2050 coeperunt.

208 2056 337 2134 Repulsi
359 2057 397 2115 ab
420 2058 557 2133 equitatu
581 2077 614 2116 se
633 2059 665 2116 in
683 2059 778 2119 silvas
797 2057 989 2133 abdiderunt,
1013 2059 1114 2116 locum
1136 2060 1218 2117 nacti

211 2143 330 2219 egregie
364 2150 394 2201 et
426 2150 536 2201 natura
566 2149 596 2201 11
630 2164 721 2221 opere
750 2144 909 2219 munitum,
946 2164 1035 2219 quem
1059 2143 1217 2203 domestici

209 2228 290 2303 belli,
309 2235 343 2286 ut
360 2228 553 2303 videbantur,
568 2248 667 2310 *causa
686 2229 753 2306 jam
770 2238 840 2289 ante
857 2237 1122 2307 praeparaverant;
1147 2251 1218 2289 nam

210 2314 323 2372 crebris
358 2314 518 2372 arboribus
553 2314 683 2373 succisis
712 2335 818 2374 omnes
851 2315 995 2373 introitus
1027 2321 1114 2372 erant
1137 2335 1216 2391 prae-

209 2399 293 2457 clusi.
339 2398 405 2476 Ipsi
433 2419 471 2457 ex
500 2399 586 2460 silvis
614 2400 675 2459 rari
705 2400 941 2478 propugnabant
968 2406 1152 2473 nostrosque
1173 2400 1217 2456 in-

207 2490 255 2542 tra
275 2484 458 2543 munitiones
480 2484 599 2561 ingredi
626 2485 838 2562 prohibebant.
884 2483 928 2541 At
950 2483 1063 2541 milites
1088 2483 1217 2559 legionis

210 2570 348 2645 septimae
380 2569 536 2628 testudine
570 2569 655 2628 facta
688 2578 719 2629 et
753 2590 866 2647 aggere
895 2568 935 2627 ad
956 2568 1141 2626 munitiones
1165 2568 1216 2626 ad-

205 2653 286 2730 jecto
307 2654 409 2713 locum
432 2661 577 2732 ceperunt
605 2674 718 2731 eosque
748 2675 785 2713 ex
815 2655 901 2715 silvis
929 2654 1113 2731 expulerunt
1141 2674 1216 2731 pau-

209 2740 252 2797 cis
274 2740 451 2799 vulneribus
474 2740 618 2818 acceptis
665 2741 726 2799 Sed
750 2761 802 2800 101
825 2741 980 2817 fugientes
1003 2739 1126 2816 longius
1150 2739 1215 2797 01-

209 2843 258 2883 sar
278 2826 423 2902 prosequi
444 2826 551 2901 vetuit,
576 2832 606 2885 et
629 2827 711 2901 quod
732 2828 793 2886 loci
814 2833 955 2886 naturam
984 2826 1162 2902 ignorabat,
1186 2832 1217 2884 et

209 2909 288 2984 quod
310 2930 420 2986 magna
441 2917 529 2989 parte
559 2910 619 2989 diei
647 2921 827 2990 consumpta
855 2912 1014 2977 munitioni
1048 2918 1217 2970 castrorum

209 3001 328 3073 tempus
351 2996 482 3070 relinqui
505 2996 638 3055 volebat.

290 3080 331 3139 X.
377 3080 530 3139 Postridie
553 3082 618 3139 eius
641 3080 701 3140 diei
722 3102 811 3140 mane
830 3081 981 3158 tripertito
999 3080 1109 3137 milites
1133 3080 1215 3154 cqui-

208 3172 314 3241 tesque
336 3165 367 3223 in
390 3166 613 3244 expeditionem
635 3166 727 3241 misit,
751 3174 786 3224 ut
809 3185 872 3239 ece,
896 3165 947 3239 qui
969 3163 1123 3240 fugerant,
1147 3184 1214 3240 per·

209 3257 415 3325 sequerentur.
465 3251 524 3309 His
554 3252 744 3327 aliquantum
770 3250 890 3309 itineris
917 3249 1092 3327 progressis
1123 3268 1215 3324 quum

205 3335 269 3411 jam
302 3336 429 3395 extremi
462 3344 567 3395 essent
598 3338 630 3395 in
657 3343 833 3414 prospectu,
869 3335 987 3410 equites
1018 3354 1035 3391 a
1067 3333 1103 3405 Q.
1127 3334 1215 3393 Atrio

208 3420 246 3478 ad
268 3420 422 3480 Oaesarem
449 3429 612 3496 venerunt,
647 3422 699 3497 qui
731 3422 908 3480 nuntiarent
942 3420 1100 3497 superiore
1123 3428 1216 3479 nocte

206 3506 335 3565 maxima
363 3513 467 3565 coorta
494 3513 677 3584 tempestate
703 3527 799 3585 prope
828 3525 932 3565 omnes
962 3525 1058 3565 naves
1082 3505 1215 3565 afflictae

208 3598 297 3667 atque
318 3592 351 3650 in
372 3592 461 3651 litore
485 3591 600 3668 ejectas
625 3611 702 3667 esse,
727 3592 808 3668 quod
830 3611 929 3666 neque
962 3610 1083 3650 ancorae
1111 3590 1214 3650 funes-

208 3696 265 3752 que
304 3677 524 3751 subsisterent,
566 3697 666 3752 neque
699 3685 801 3736 nautae
835 3678 1119 3754 gubernatoresque
1153 3677 1215 3733 vim

206 3763 397 3840 tempestatis
419 3762 485 3840 pati
506 3770 648 3840 possent3
671 3763 775 3839 itaque
799 3783 836 3821 ex
859 3782 895 3821 eo
918 3782 1069 3821 concursu
1091 3760 1215 3820 navium

206 3867 350 3923 magnum
373 3867 442 3907 csse
464 3847 688 3906 incommodum
712 3855 882 3926 acceptum.

290 3932 350 3991 XI.
396 3932 453 3993 His
476 3934 569 3991 rebus
593 3934 723 4010 cognitis
747 3933 851 3993 011111
871 3933 1008 4009 legiones
1032 3929 1213 4005 equitatum-

208 4036 266 4092 que
295 4019 433 4078 revocari
461 4026 551 4093 atque
579 4018 611 4076 in
639 4020 747 4077 itinere
775 4019 920 4077 resistere
943 4016 1047 4091 jubet3
1078 4014 1145 4090 ipse
1175 4014 1213 4072 ad
