2967 4609
649 355 836 410 nmnnrv.
945 367 1001 378 ··
1122 359 1125 364 ·
1195 328 1242 423 '71

240 568 273 608 se
307 568 344 607 ex
377 548 485 629 timore
514 555 705 626 receperunt.
763 549 830 619 Quo
858 549 941 608 facto
971 550 1011 618 ad
1031 550 1245 609 lacessendum

239 642 270 692 et
292 634 331 692 ad
354 631 602 692 committendum
624 631 764 711 proelium
793 635 924 694 alienum
951 655 1021 693 esse
1048 642 1169 713 tempus
1198 658 1245 695 ar·

238 720 379 792 bitratus,
404 738 459 777 suo
483 738 516 779 se
544 720 610 778 loco
640 719 789 779 continuit
817 727 848 779 et
874 721 962 780 brevi
988 728 1124 797 tempore
1152 722 1245 781 inter-

239 804 332 863 misso
355 804 387 861 in
410 811 512 862 castra
539 804 676 881 legiones
703 804 835 864 reduxit.
880 805 963 863 Dum
991 806 1058 865 haec
1087 815 1244 883 geruntur,

239 890 352 949 nostris
387 890 525 949 omnibus
560 890 726 967 occupatis,
762 891 814 965 qui
841 898 928 949 erant
955 891 987 949 in
1016 892 1098 967 agris
1125 893 1244 967 reliqui,

240 974 457 1033 discesserunt.
522 975 641 1034 Secutae
676 982 748 1034 sunt
782 976 941 1035 continuos
975 978 1146 1054 complures
1180 977 1245 1037 dies

142 1086 146 1091 ·
240 1066 448 1137 tempestates,
484 1080 551 1135 quae
586 1066 617 1119 et
645 1068 770 1120 nostros
797 1062 829 1119 in
860 1062 970 1121 caetris
999 1062 1188 1121 continerent
1215 1069 1246 1121 et

239 1146 358 1204 hostem
387 1166 404 1203 a
432 1165 536 1223 pugna
562 1146 767 1223 prohiberent.
817 1148 946 1205 Interim
973 1146 1095 1205 barbari
1122 1148 1245 1206 nuntios

239 1232 271 1290 in
304 1250 408 1290 omnes
441 1238 545 1307 partes
580 1231 761 1290 dimiserunt
794 1232 1040 1309 paucitatemque
1072 1239 1246 1292 nostrorum

240 1316 367 1375 militum
389 1315 453 1375 suis
475 1316 722 1394 praedicaverunt
746 1325 786 1392 et,
811 1324 925 1392 quanta
952 1317 1066 1395 praedae
1095 1318 1245 1377 faciendae

240 1408 331 1476 atque
364 1402 396 1459 in
428 1409 609 1479 perpetuum
643 1403 690 1461 sui
722 1402 874 1461 liberandi
895 1402 1028 1462 facultas
1056 1403 1188 1478 daretur,
1219 1405 1246 1462 si

239 1488 394 1545 Romanos
417 1487 527 1545 castris
550 1487 752 1565 expulissent,
777 1487 1072 1549 demonstravemmt.
1117 1489 1176 1547 His
1198 1509 1245 1548 re-

239 1574 296 1631 bus
321 1572 460 1630 celeriter
481 1592 592 1649 magna
621 1573 817 1632 multitudine
844 1574 1001 1651 peditatus
1031 1575 1246 1649 equitatusque

241 1664 347 1716 coacta
370 1657 409 1715 ad
433 1665 534 1717 castra
556 1666 715 1729 venerunt.

324 1742 460 1801 XXXV.
507 1742 611 1803 Caesar
634 1744 692 1803 etsi
714 1744 805 1818 idem,
837 1743 919 1819 quod
946 1744 1153 1821 superioribus
1183 1745 1245 1803 die·

239 1828 297 1886 bus
321 1828 487 1903 acciderat,
512 1827 578 1887 fore
601 1828 744 1905 videbat,
774 1836 826 1904 ut,
850 1830 877 1887 si
900 1836 1005 1887 essent
1026 1829 1130 1888 hostes
1153 1830 1244 1907 pulsi,

241 1913 396 1972 celeritate
424 1913 594 1991 periculum
622 1912 811 1992 effugerent,
847 1922 950 1973 temen
984 1920 1094 1982 nactus
1128 1915 1246 1991 equites

241 1998 361 2057 circiter
393 1998 533 2075 triginta,
558 2018 634 2075 quos
665 1999 820 2059 Commius
843 1998 993 2075 Atrebas,
1024 2000 1062 2066 de
1093 2021 1152 2076 quo
1175 2008 1245 2059 ante

241 2083 355 2141 dictum
378 2090 434 2159 est,
458 2103 562 2143 secum
585 2080 860 2163 transportaverat,
883 2086 1021 2162 legiones
1043 2086 1076 2145 in
1104 2087 1169 2145 acie
1190 2106 1246 2164 pro

241 2169 350 2227 castris
381 2169 548 2228 constituit.
603 2169 773 2231 Commisso
801 2172 908 2250 proelio
937 2171 1052 2230 diutins
1073 2178 1247 2231 nostrorum

240 2254 369 2313 militum
390 2254 537 2333 impetum
566 2256 672 2315 hostes
700 2256 782 2316 ferre
812 2278 873 2316 non
900 2263 1065 2334 potuerunt
1094 2277 1130 2316 ao
1159 2264 1247 2333 terga

240 2346 406 2400 verterunt.
454 2340 537 2411 Quos
560 2348 645 2401 tanto
670 2343 769 2420 spatio
793 2342 900 2417 secuti,
924 2348 1073 2417 quantum
1102 2361 1194 2401 cursu
1217 2349 1247 2400 et

200 2490 202 2495 ,
240 2425 356 2485 viribus
380 2424 502 2502 efficere
525 2434 699 2503 potuerunt,
729 2428 901 2505 complures
925 2446 962 2485 ex
989 2427 1030 2485 iis
1059 2426 1245 2502 occiderunt,

214 2571 216 2575 ,
241 2509 349 2569 deinde
373 2510 512 2569 omnibus
546 2512 636 2588 longe
670 2512 792 2588 lateque
826 2510 963 2571 aedificiis
997 2512 1130 2570 incensis
1159 2530 1192 2569 se
1214 2512 1246 2569 in

243 2602 343 2655 castra
365 2604 558 2673 receperunt.

252 2674 256 2677 ’
323 2680 478 2741 XXXVI.
523 2681 641 2741 Eodem
672 2681 722 2739 die
751 2682 846 2759 legati
875 2683 912 2740 ab
935 2682 1076 2740 hostibus
1098 2680 1184 2739 missi
1207 2679 1246 2739 ad

210 2841 216 2848 ι
242 2764 393 2825 Caesarem
416 2766 454 2825 de
475 2787 553 2845 pace
575 2774 734 2829 venerunt.
779 2768 838 2826 His
857 2766 962 2826 Caesar
983 2787 1142 2826 numerum
1165 2766 1245 2825 obsi-

240 2850 321 2926 dum,
345 2871 434 2927 quem
458 2859 529 2912 ente
551 2853 766 2931 imperaverat,
790 2851 958 2931 duplicavit
980 2873 1094 2928 eosque
1121 2853 1154 2911 in
1176 2872 1245 2911 con-

239 2936 386 2995 tinentem
419 2937 529 2997 adduci
559 2938 663 3014 jussit,
699 2938 782 3014 quod
802 2938 974 3016 propinqua
1001 2938 1050 2997 die
1073 2938 1246 3013 aequinoctii

239 3018 366 3080 infirmis
393 3022 524 3083 navibus
551 3023 644 3083 hiemi
671 3024 897 3101 navigationem
929 3023 1151 3099 subjiciendam
1185 3043 1246 3081 non

240 3106 442 3166 existimabat.
494 3108 567 3186 Ipse
596 3109 738 3168 idoneam
773 3116 988 3186 tempestatem
1021 3115 1131 3167 nactus
1153 3107 1244 3184 paulo
1269 3135 1272 3140 ·

239 3198 310 3269 post
331 3192 462 3251 mediam
489 3201 611 3253 noctem
640 3214 736 3255 naves
766 3194 871 3267 solvit3
902 3213 970 3268 quae
999 3212 1104 3251 omnes
1130 3192 1245 3249 incolu-

238 3296 303 3335 mes
334 3277 374 3336 ad
397 3278 602 3338 continentem
631 3286 852 3357 pervenenmt;
883 3278 939 3336 sed
967 3297 1004 3337 ex
1031 3278 1069 3336 iis
1099 3278 1244 3336 onerariae

238 3361 307 3420 duae
341 3363 473 3439 eosdem,
509 3384 585 3439 quos
614 3365 757 3440 reliquae,
792 3369 900 3441 portus
933 3382 1043 3441 capere
1071 3382 1133 3421 non
1155 3370 1243 3440 potu·
1346 3360 1349 3362 Α

240 3453 328 3505 erunt
351 3452 382 3505 et
404 3450 495 3526 paulo
517 3448 597 3508 infra
619 3449 728 3508 delatae
752 3455 833 3508 sunt.

322 3532 495 3593 XXXVII.
542 3535 660 3605 Quibus
684 3555 722 3593 ex
738 3534 870 3594 navibus
888 3553 981 3608 quum
999 3540 1103 3593 essent
1115 3533 1245 3611 expositi

236 3616 348 3677 milites
372 3618 493 3679 circiter
517 3618 593 3679 000
616 3627 708 3695 atque
737 3620 770 3679 in
799 3626 901 3678 castra
929 3619 1156 3694 contenderent,
1179 3619 1244 3677 Mo-

236 3702 303 3777 rini,
328 3723 405 3778 quos
430 3702 534 3763 Caesar
555 3706 588 3763 in
609 3705 802 3765 Britanniam
823 3702 1021 3782 proficiscens
1043 3711 1169 3786 pacatos
1196 3722 1244 3761 re·

235 3786 375 3863 liquerat,
400 3808 455 3867 spe
476 3789 590 3868 praedae
614 3790 738 3849 adducti
760 3790 858 3868 primo
887 3791 1014 3849 nonita
1042 3809 1152 3865 magno
1175 3807 1243 3845 suo·

236 3892 304 3931 rum
323 3893 450 3934 numero
473 3874 742 3935 circumsteterunt
765 3895 810 3951 ac,
823 3875 851 3933 si
873 3894 942 3933 sese
964 3873 1095 3933 interfici
1116 3872 1243 3947 nollent,

236 3978 319 4017 arma
341 3979 455 4036 ponere
473 3960 643 4037 jusserunt.
690 3961 790 4032 Quum
816 3960 862 4019 illi
890 3962 962 4019 orbe
984 3958 1066 4017 facto
1095 3977 1163 4016 sese
1193 3957 1243 4016 de-

235 4040 406 4121 fenderent,
431 4045 570 4105 celeriter
599 4046 638 4105 ad
666 4046 830 4106 clamorem
857 4044 1012 4103 hominum
1040 4043 1161 4101 circiter
1189 4044 1244 4101 mi-

1260 4138 1273 4191 t.

1264 4190 1279 4229 c
