2967 4609
598 357 718 410 LIBER
739 358 801 412 VII.
1139 368 1199 425 139

193 528 407 630 prominentes
429 552 530 631 passis
552 553 693 612 manibus
715 553 949 612 obtestabantur
971 554 1136 630 Romanos,
1167 563 1202 614 ut

195 639 262 696 sibi
282 646 453 716 parcerent,
475 659 544 714 neu,
568 639 648 697 sicut
658 638 783 698 Avarici
805 637 962 714 fecissent,
993 661 1032 699 ne
1055 661 1074 699 a
1096 641 1201 700 mulie-

195 724 287 782 ribus
309 723 431 799 quidem
453 732 545 800 atque
567 723 736 783 infantibus
760 724 955 784 abstinerent.
990 725 1151 785 Nonnullae
1164 727 1201 786 de

195 809 296 868 muris
318 829 374 886 per
395 829 501 869 manus
524 810 666 869 demissae
689 829 758 870 sese
780 811 927 869 militibus
950 811 1121 870 tradebant.
1163 812 1199 870 L.
1252 881 1254 886 Ι

195 895 317 954 Fabius
351 896 486 954 centurio
514 896 643 972 legionis
677 903 805 968 octavae,
840 916 930 972 quem
962 897 1041 956 inter
1071 917 1143 956 suos
1166 917 1201 956 eo

196 981 250 1040 die
272 981 387 1040 dixisse
409 983 571 1041 constabat
593 981 719 1041 excitari
741 1001 776 1041 se
792 981 1032 1042 Avaricensibus
1065 983 1201 1061 praemiis

196 1087 301 1142 neque
330 1068 560 1126 commissurum
587 1073 621 1126 ut
648 1067 733 1145 prius
763 1067 923 1144 quisquam
950 1089 1069 1127 murum
1096 1088 1202 1128 ascen·

198 1152 296 1226 deret,
319 1160 382 1212 tres
404 1173 477 1212 suos
499 1160 607 1212 nactus
629 1153 833 1231 manipulares
856 1160 946 1230 atque
969 1155 1007 1212 ab
1030 1155 1067 1212 iis
1098 1155 1197 1213 suble-

198 1246 291 1296 vatus
313 1259 433 1297 murum
455 1239 602 1298 ascendit.
635 1239 702 1298 Hos
722 1240 790 1316 ipse
809 1259 916 1298 rursus
939 1240 1075 1316 singulos
1095 1260 1202 1318 excep·

200 1331 272 1382 tans
294 1325 326 1383 in
347 1345 466 1384 murum
488 1325 605 1384 extulit.
871 1380 873 1386 ,
1258 1359 1261 1368 ·

288 1409 441 1470 XLVIII.
486 1411 612 1470 Interim
634 1411 664 1485 ii,
689 1411 741 1486 qui
758 1409 797 1468 ad
814 1411 940 1470 alteram
958 1419 1078 1489 partem
1089 1411 1202 1490 oppidi,

200 1504 238 1554 ut
260 1515 353 1573 supra
375 1496 659 1570 demonstravimus,
683 1496 858 1556 munitionis
877 1517 970 1556 causa
988 1505 1202 1571 convenerant,
1316 1540 1318 1545 -

202 1581 302 1659 primo
325 1582 466 1641 exaudito
490 1583 630 1656 clamore,
653 1581 724 1640 inde
748 1581 840 1640 etiam
871 1583 986 1642 crebris
1016 1584 1131 1642 nuntiis
1159 1584 1204 1642 in-

202 1668 290 1726 citati
312 1668 456 1745 oppidum
478 1670 516 1727 ab
539 1667 686 1726 Romanis
715 1668 821 1739 teneri,
850 1668 1018 1745 praemissis
1048 1668 1204 1744 equitibus

201 1773 314 1830 magno
345 1773 494 1813 concursu
528 1775 564 1812 eo
598 1753 828 1812 contenderunt.
884 1754 998 1812 Eorum
1020 1753 1204 1829 utquisque

202 1839 321 1916 primus
344 1847 478 1914 venerat,
502 1841 559 1898 sub
583 1859 669 1905 muro
699 1839 891 1898 consistebat
923 1859 1107 1915 suorumque
1129 1859 1205 1916 pug-

202 1925 342 1983 nantium
359 1945 516 1984 numerum
535 1926 691 2002 augebat,
722 1923 858 1996 Quorum
881 1945 973 2000 quum
994 1945 1105 2002 magna
1127 1925 1203 1983 mul-

202 2009 304 2070 titudo
326 2011 529 2085 convenisset,
554 2018 666 2070 matres
689 2010 823 2084 familiae,
849 2030 916 2086 quae
939 2011 1029 2089 paulo
1053 2017 1124 2070 ante
1141 2011 1203 2068 Ro·
1234 2008 1236 2011 ’

202 2096 303 2154 manis
326 2097 364 2157 de
386 2118 472 2155 muro
495 2115 602 2155 manus
624 2096 801 2170 tendebant,
826 2115 897 2155 suos
921 2097 1069 2156 obtestari
1081 2103 1112 2155 et
1123 2116 1206 2155 more

94 2227 96 2231 .
204 2181 325 2240 Gallice
354 2202 479 2261 passum
509 2182 650 2260 capillum
684 2189 837 2241 ostentare
873 2182 1046 2258 liberosque
1074 2183 1105 2242 in
1136 2202 1205 2241 con·

204 2274 347 2344 spectum
373 2268 512 2346 proferre
542 2274 708 2345 coeperrmt.
765 2268 842 2326 Erat
874 2269 1021 2327 Romanis
1054 2288 1111 2327 nec
1139 2268 1206 2326 loco

204 2372 263 2412 nec
286 2374 409 2413 numero
440 2375 528 2429 aequa
557 2354 725 2427 contentio;
755 2354 844 2412 simul
872 2361 903 2412 et
933 2371 1023 2412 cursu
1052 2360 1083 2412 et
1106 2351 1204 2431 spatio

203 2459 317 2516 pugnae
340 2440 500 2517 defatigati
521 2459 583 2497 non
606 2439 697 2498 facile
719 2446 858 2498 recentes
877 2446 968 2514 atque
984 2439 1120 2515 integros
1139 2457 1206 2496 sus-

204 2525 352 2584 tinebant.

292 2611 412 2686 XLIX,
459 2610 563 2670 Caesar
585 2631 677 2686 quum
698 2609 801 2684 iniquo
824 2609 891 2668 loco
913 2602 1044 2686 pugnari
1059 2609 1206 2668 hostium-

207 2715 268 2770 que
290 2698 394 2774 augeri
417 2698 521 2776 copias
543 2697 671 2770 videret,
694 2692 899 2774 praemetuens
923 2695 988 2754 suis
1012 2694 1052 2754 ad
1072 2695 1107 2752 Τ,
1132 2693 1206 2752 Sex-

176 2848 181 2852 ,
206 2782 284 2840 tium
305 2783 448 2860 legatum,
472 2803 563 2858 quem
584 2782 751 2841 minoribus
774 2781 884 2844 eastris
912 2781 1056 2858 praesidio
1079 2780 1207 2855 relique-

206 2876 265 2942 rat,
287 2869 380 2944 misit,
404 2877 438 2928 ut
460 2869 601 2929 cohortes
635 2888 673 2927 ex
701 2867 811 2926 castris
842 2867 982 2925 celeriter
1010 2866 1153 2926 educeret
1176 2873 1206 2924 et

207 2955 267 3012 sub
288 2953 390 3014 infimo
415 2955 492 3014 colle
514 2956 552 3013 ab
575 2954 682 3013 dextro
711 2953 807 3012 latere
835 2953 967 3012 hostium
996 2952 1206 3025 constitueret,

208 3047 252 3114 ut,
276 3041 304 3098 si
324 3048 445 3100 nostros
467 3041 534 3100 loco
558 3040 702 3118 depulsos
730 3037 871 3113 vidisset,
901 3059 959 3114 quo
987 3039 1086 3096 minus
1113 3037 1208 3095 libere
1254 3076 1256 3080 .

208 3125 311 3185 hostat
332 3127 575 3202 insequerentur,
597 3132 737 3184 terreret.
775 3124 849 3200 Ipse
871 3123 995 3200 paulum
1018 3143 1054 3181 ex
1078 3142 1113 3181 eo
1137 3121 1205 3180 loco

210 3231 279 3269 cum
300 3212 419 3289 legione
441 3230 633 3290 progressus,
657 3211 710 3268 ubi
732 3209 920 3283 constiterat,
940 3215 1081 3267 eventum
1096 3225 1207 3285 pugnae

208 3299 397 3374 expectabat.

294 3385 330 3442 L.
377 3385 476 3455 Quum
499 3383 645 3442 acerrime
674 3381 840 3440 comminus
868 3386 1070 3456 pugnaretur,
1100 3377 1207 3436 hostes

209 3469 276 3528 loco
299 3477 331 3528 et
350 3490 486 3544 numero,
509 3468 607 3527 nostri
634 3467 747 3527 virtute
776 3465 975 3540 confiderent,
1005 3464 1105 3523 subito
1136 3471 1207 3523 sunt

209 3555 322 3614 Haedui
344 3555 404 3615 visi
425 3557 463 3614 ab
480 3555 577 3614 latere
595 3553 709 3612 nostris
729 3558 845 3630 aperto,
864 3570 941 3626 quos
954 3549 1059 3610 Caesar
1076 3551 1114 3609 ab
1134 3549 1206 3609 dex-

210 3647 260 3699 tra
291 3648 377 3719 parte
405 3641 464 3699 alio
499 3659 629 3699 ascensu
659 3657 768 3696 manus
796 3637 978 3696 distinendae
1002 3655 1095 3695 causa
1116 3635 1206 3694 mise-

209 3732 267 3784 rat.
317 3728 360 3785 Hi
388 3726 584 3786 similitudine
604 3744 756 3783 armorum
773 3723 970 3784 vehementer
996 3728 1118 3780 nostros
1139 3739 1208 3797 per-

209 3819 400 3887 terruerunt;
425 3833 461 3872 ac
483 3811 606 3870 tametsi
642 3810 758 3869 dextris
787 3809 921 3868 humeris
945 3807 1057 3867 exertis
1075 3804 1208 3864 animad-

209 3900 418 3974 vertebantur,
432 3897 513 3975 quod
524 3897 644 3974 insigne
664 3903 808 3973 pacatum
825 3913 893 3954 esse
915 3899 1085 3965 conaverat,
1108 3898 1226 3948 tamen'

209 3983 242 4041 id
264 3984 366 4061 ipsum
388 3985 436 4044 sui
457 3981 585 4043 fallendi
607 4001 701 4040 causa
722 3980 834 4038 milites
865 3981 902 4037 ab
930 3978 1069 4037 hostibus
1092 3975 1209 4035 factum

210 4069 434 4131 existimabant.
479 4069 597 4128 Eodem
617 4074 754 4145 tempore
777 4066 812 4123 L.
836 4065 951 4122 Fabius
974 4061 1119 4137 centurio,
1144 4061 1210 4138 qui-
