2967 4609
266 353 329 410 104
575 343 628 396 DE
646 341 774 395 BELLO
794 339 964 396 GALLIGO

263 558 338 598 suos
372 539 484 597 habeat
520 538 740 596 auctoritatem.
798 537 874 595 Haec
915 536 1021 595 eadem
1054 536 1131 594 ratio
1167 543 1214 596 est
1242 538 1271 596 in

265 644 384 684 summa
406 624 500 682 totius
531 622 654 696 Galliae,
678 642 809 698 namque
833 642 937 681 omnes
961 622 1103 680 civitates
1120 622 1152 680 in
1168 629 1271 700 partes

268 710 377 770 divisae
402 715 474 767 sunt
497 708 584 766 duas.
1223 774 1232 792 Ι

353 794 430 853 ΧΠ.
478 792 577 864 Quum
601 792 705 851 Caesar
727 794 759 851 in
783 792 915 851 Galliam
937 793 1031 867 venit,
1063 791 1186 851 alterius
1208 791 1271 851 fac-

266 881 359 938 tionis
382 880 536 957 principes
559 886 646 938 erant
657 878 780 953 Haedui,
806 878 931 937 alterius
944 877 1087 953 Sequani.
1122 877 1163 936 Hi
1181 898 1272 952 quum

265 985 323 1044 per
346 985 380 1024 se
402 965 502 1022 minus
525 964 672 1038 valerent,
697 963 1088 1039 quodsummaauctoritas
1107 963 1272 1038 antiquitus

270 1060 337 1110 erat
359 1051 390 1109 iu
412 1049 542 1108 Haeduis
565 1069 746 1125 magnaeque
776 1069 881 1109 eorum
904 1057 991 1108 erant
1014 1049 1172 1123 clientelae,
1198 1048 1272 1107 Ger-

267 1156 374 1195 manos
397 1142 487 1210 atque
510 1135 698 1194 Ariovistum
729 1135 787 1193 sibi
811 1134 1014 1211 adjunxerant
1043 1153 1155 1209 eosque
1179 1134 1218 1192 ad
1241 1153 1274 1192 se

268 1221 387 1298 magnis
406 1220 537 1297 jacturis
563 1220 894 1297 pollicitationibusque
911 1220 1125 1297 perduxerant.
1154 1219 1274 1278 Proeliis

268 1327 341 1367 vero
366 1306 571 1383 compluribus
599 1304 690 1364 iactis
721 1305 865 1364 secundis
889 1313 980 1381 atque
1010 1305 1090 1363 omni
1118 1305 1275 1364 nobilitate

268 1392 458 1451 Haeduorum
479 1390 642 1449 interiecta
670 1397 789 1448 tantum
817 1391 955 1468 potentia
985 1397 1223 1465 antecesserant,
1241 1397 1276 1448 ut

270 1497 412 1553 magnam
433 1485 553 1554 partem
576 1476 731 1534 clientium
755 1477 793 1534 ab
811 1477 939 1534 Haeduis
963 1476 1001 1533 ad
1025 1495 1057 1534 se
1080 1476 1276 1534 traducerent

271 1562 453 1637 obsidesque
477 1563 514 1621 ab
537 1562 575 1620 iis
597 1562 769 1639 principum
791 1560 871 1620 filios
894 1562 1067 1638 acciperent
1097 1569 1127 1620 et
1154 1561 1275 1638 publice

266 1647 372 1725 jurare
407 1655 552 1724 cogerent
583 1647 659 1706 nihil
686 1667 719 1706 se
754 1655 860 1706 contra
894 1647 1051 1722 Sequanos
1082 1647 1200 1706 consilii
1221 1647 1275 1705 ini·

270 1741 356 1792 turos
380 1740 411 1792 et
433 1740 552 1810 partem
573 1732 693 1791 finitimi
716 1733 781 1808 agri
803 1753 859 1810 per
886 1733 948 1793 vim
972 1733 1151 1809 ccciipatam
1180 1733 1275 1810 possi-

272 1819 380 1878 derent
414 1818 582 1893 Galliaeque
616 1819 710 1877 totius
744 1819 949 1896 principatum
973 1819 1152 1876 obtinerent.
1210 1818 1277 1888 Qua

270 1905 456 1963 necessitate
490 1903 641 1962 adductus
675 1904 849 1962 Divitiacus
890 1902 992 1962 auxilii
1026 1903 1151 1980 petendi
1186 1923 1277 1962 causa

271 1990 401 2047 Romam
423 1989 463 2046 ad
486 1997 625 2047 senatum
646 1987 806 2066 profectus
828 1989 944 2048 infecta
971 2009 1004 2046 re
1026 1987 1168 2047 redierat.
1213 1989 1276 2046 Ad-

271 2082 366 2135 ventu
389 2073 520 2132 Caesaris
541 2073 626 2133 facta
648 2074 881 2134 commutatione
903 2095 1013 2148 rerum,
1037 2074 1195 2133 obsidibus
1206 2075 1277 2133 Hae-

273 2159 342 2217 duis
370 2158 514 2233 redditis,
543 2160 700 2220 veteribus
730 2161 880 2219 clientelis
910 2160 1077 2233 restitutis,
1107 2161 1195 2220 novis
1223 2181 1278 2237 per

275 2243 427 2303 Oaesarem
450 2245 634 2322 comparatis
658 2245 752 2321 (quod
773 2246 804 2320 ii,
835 2246 887 2320 qui
916 2265 949 2304 se
978 2245 1016 2303 ad
1046 2264 1148 2304 eorum
1176 2245 1277 2305 amici-

274 2330 348 2388 tiam
377 2340 636 2406 aggregaverant,
668 2332 792 2390 meliore
822 2331 998 2390 condicione
1027 2338 1117 2405 atque
1147 2332 1278 2407 aequiore

226 2455 229 2460 -
273 2416 399 2493 imperio
423 2435 456 2474 se
478 2417 525 2474 uti
547 2417 719 2491 videbant),
749 2417 875 2492 reliquis
904 2417 996 2475 rebus
1026 2436 1143 2491 eorum,
1178 2418 1278 2494 gratia

274 2501 482 2578 dignitateque
507 2502 691 2580 amplificata
714 2502 848 2577 Sequani
870 2503 1074 2581 principatum
1092 2501 1276 2561 dimiserant.

273 2586 312 2645 In
334 2607 437 2646 eorum
448 2588 549 2645 locum
559 2589 649 2647 Remi
667 2596 896 2662 successerant3
922 2607 998 2663 quos
1017 2587 1099 2662 quod
1116 2588 1277 2664 adaquare

273 2672 354 2749 apud
378 2672 531 2731 Gaesarem
560 2674 659 2750 gratia
686 2674 924 2758 intelligebatur,
948 2673 979 2748 ii,
1004 2673 1056 2748 qui
1078 2681 1203 2751 propter
1225 2694 1276 2734 ve-

271 2764 354 2815 teres
377 2757 551 2816 inimicitias
573 2759 656 2817 nullo
680 2759 770 2817 modo
795 2779 863 2818 curu
885 2759 1015 2818 Haeduis
1034 2758 1177 2835 conjungi
1191 2766 1276 2836 pote-

271 2848 350 2916 rant,
375 2860 407 2900 se
419 2842 524 2901 Remis
541 2844 572 2901 in
590 2844 761 2903 clientelam
774 2844 925 2903 dicabant.
963 2845 1029 2902 Hos
1052 2844 1096 2902 illi
1116 2844 1277 2921 diligenter

270 2928 443 2985 tuebantur.
489 2928 540 2986 Ita
562 2935 593 2987 et
614 2950 725 2989 novam
753 2937 784 2988 et
812 2937 938 3007 repente
963 2929 1122 2989 collectam
1145 2931 1276 2989 auctori·

270 3020 365 3071 tatem
387 3014 541 3071 tenebant.
587 3015 633 3073 Eo
656 3022 719 3073 tum
744 3022 898 3074 staturas
922 3021 997 3090 erat,
1026 3023 1061 3073 ut
1082 3017 1171 3092 longe
1193 3017 1275 3093 prin-

270 3099 354 3176 cipes
387 3098 573 3158 haberentur
606 3100 735 3175 Haedui,
777 3101 944 3160 secundum
978 3101 1078 3160 locum
1118 3101 1274 3178 dignitatis

268 3184 358 3243 Remi
380 3184 562 3244 obtinerent.

354 3269 449 3328 XIII.
495 3270 532 3328 In
556 3271 635 3330 omni
661 3270 762 3329 Gallia
785 3292 888 3330 eorum
910 3272 1074 3347 hominum,
1099 3273 1151 3348 qui
1174 3272 1273 3348 aliquo

268 3363 341 3412 sunt
362 3375 486 3413 numero
510 3364 602 3431 atque
624 3356 748 3432 honore,
772 3376 885 3433 genera
915 3363 986 3415 suut
1009 3357 1083 3432 duo;
1114 3379 1184 3416 nam
1211 3358 1274 3435 ple·

267 3439 323 3498 bes
346 3459 434 3516 paene
457 3459 614 3502 servorum
642 3442 773 3500 habetur
799 3442 876 3518 loco,
907 3462 975 3518 quae
1004 3442 1078 3502 nihil
1107 3443 1198 3502 audet
1219 3464 1274 3521 per

268 3543 302 3583 se
324 3524 407 3583 nullo
420 3525 582 3585 adhibetur
594 3527 729 3586 consilio.
754 3528 896 3602 Plerique
916 3548 1008 3603 quum
1026 3535 1079 3586 aut
1096 3549 1156 3587 aere
1176 3529 1272 3587 alieno

267 3617 321 3668 aut
342 3611 551 3687 magnitudine
574 3612 757 3671 tributorum
780 3620 833 3672 aut
855 3613 967 3690 injuria
983 3615 1189 3690 potentiorum
1205 3634 1273 3692 pre·

266 3703 400 3770 munau,
425 3715 494 3755 sese
516 3697 548 3755 in
570 3698 783 3757 servitututem
807 3699 910 3758 dicant
926 3700 1095 3774 nobilibus;
1113 3701 1151 3759 iis
1168 3701 1200 3758 in
1217 3700 1273 3758 hos

267 3781 374 3839 eadem
386 3783 485 3840 omnia
497 3790 569 3840 sunt
576 3783 656 3858 jura,
677 3804 745 3858 quae
764 3784 892 3843 dominis
911 3786 942 3842 in
954 3804 1070 3844 servos.
1096 3785 1157 3844 Sed
1175 3786 1213 3844 de
1224 3785 1272 3844 his

266 3866 386 3926 duobus
409 3868 574 3944 generibus
587 3869 716 3926 alterum
735 3877 784 3928 est
800 3871 962 3945 Druidum,
983 3870 1111 3930 alterum
1128 3871 1271 3946 equitum.

264 3950 315 4009 Illi
337 3953 430 4010 rebus
454 3952 566 4013 divinis
588 3953 749 4030 intersunt,
774 3955 923 4015 sacrificia
946 3956 1070 4033 publica
1093 3976 1128 4015 ac
1150 3956 1272 4034 privata

261 4044 439 4113 procurant,
472 4037 635 4113 religiones
670 4039 919 4117 interpretantur.
978 4040 1027 4099 Ad
1058 4042 1114 4100 hos
1144 4059 1272 4118 magnus
