2967 4609
259 360 300 417 58
563 350 616 405 DE
634 348 762 404 BELLO
781 348 959 406 GALLIOO.

257 550 315 607 bus
348 546 541 625 proeliantur,
584 564 739 621 equosque
779 545 885 605 eodem
928 566 1084 607 remanere
1127 549 1257 626 vestigio

258 631 496 707 assvefecerunt,
531 631 570 690 ad
603 650 679 706 quos
714 650 748 689 se
781 631 929 707 celeriter,
964 653 1056 708 quum
1092 653 1167 693 usus
1201 642 1257 709 est,

257 719 417 796 recipiunt,
445 738 544 793 noque
573 736 676 776 eorum
704 717 838 776 moribus
871 718 991 795 turpius
1019 718 1180 796 quicquam
1207 727 1259 779 aut

257 805 384 865 inertius
407 804 546 878 habetur,
570 822 660 878 quam
683 802 834 881 ephippiis
857 804 911 862 uti.
961 804 1071 879 Itaque
1094 804 1134 863 ed
1157 826 1258 882 quem·
1293 809 1295 812 ’

258 893 305 953 vis
324 910 481 949 numerum
499 888 741 966 ephippiatorum
758 889 893 964 equitum
910 890 1048 965 quamvis
1065 891 1157 967 pauci
1175 891 1259 951 adiro

259 978 380 1037 audent.
425 976 537 1035 Vinum
572 974 612 1032 ad
644 993 678 1032 se
712 974 832 1033 omnino
865 975 1024 1052 importari
1055 996 1117 1035 non
1145 977 1269 1053 sinunt,

259 1061 339 1141 quod
362 1081 399 1121 ea
420 1080 453 1120 re
476 1060 515 1119 ad
536 1060 672 1119 laborem
699 1058 859 1119 ferendum
885 1063 1096 1120 remollescere
1122 1062 1259 1123 homines

260 1157 351 1224 atque
375 1145 543 1206 effeminari
566 1145 763 1205 arbitrantur.

344 1232 407 1291 HI.
452 1232 576 1291 Publice
599 1232 759 1290 maximam
781 1238 890 1309 putant
912 1251 981 1291 esse
1003 1232 1141 1309 laudem,
1171 1254 1261 1310 quam

258 1320 405 1380 latissime
428 1338 445 1376 a
467 1317 530 1376 suis
552 1316 663 1377 finibus
685 1337 797 1376 vacare
820 1337 925 1395 agros:
948 1318 1061 1378 111111
1084 1318 1258 1396 significari,

258 1425 400 1483 magnum
432 1422 590 1461 numerum
624 1403 782 1463 civitatum
815 1422 903 1463 suam
932 1404 994 1464 vim
1021 1404 1173 1464 sustinere
1200 1425 1261 1465 non

259 1511 360 1571 posse.
395 1490 504 1565 Itaque
526 1509 587 1547 una
609 1508 646 1547 ex
668 1496 756 1567 parte
778 1488 918 1551 aSvevis
942 1490 1063 1549 circiter
1084 1491 1168 1549 milia
1189 1510 1260 1568 pas·

261 1598 349 1637 suum
377 1573 433 1635 Dc
463 1575 528 1650 agri
556 1594 667 1635 vacare
695 1574 847 1634 dicuntur.
902 1575 952 1635 Ad
988 1575 1114 1636 11111111
1142 1585 1261 1654 partem

260 1661 428 1723 succedunt
438 1660 520 1732 Ubii,
544 1680 672 1736 quorum
693 1660 752 1719 luit
775 1661 883 1721 civitas
906 1661 1007 1739 ampla
1029 1669 1121 1737 atque
1136 1660 1258 1738 florens,

259 1757 293 1809 ut
314 1756 362 1808 est
385 1753 493 1825 captus
517 1745 746 1823 Germanorum,
769 1747 874 1825 paulo,
906 1768 997 1823 quam
1024 1754 1096 1807 sunt
1124 1747 1262 1824 ejusdem

261 1834 383 1913 generis
425 1832 532 1907 ceteri,
566 1830 775 1908 humaniores,
809 1839 973 1911 propterea
1006 1833 1088 1908 quod
1120 1834 1262 1893 Rhenum

259 1922 421 1999 attingunt,
452 1918 639 1994 multumque
667 1918 707 1977 ad
735 1938 788 1977 eos
817 1926 1002 1978 mercatores
1030 1920 1198 1995 ventitant,
1231 1926 1263 1980 et

259 2008 319 2085 ipsi
340 2012 465 2084 propter
487 2004 744 2081 propinquitatem
757 2003 883 2063 Gallicis
907 2012 977 2063 sunt
999 2005 1134 2064 moribus
1157 2025 1261 2066 assve-

259 2092 343 2152 facti.
378 2090 445 2148 Hos
468 2109 560 2164 quum
572 2088 665 2150 Svevi
687 2089 791 2148 multis
814 2109 896 2168 saepe
918 2090 1007 2149 bellis
1031 2092 1149 2168 experti
1171 2111 1261 2169 prop·
1367 2159 1369 2162 Ι
1477 2047 1478 2110 1

261 2187 309 2238 111
331 2174 559 2253 amplitudinem
586 2175 830 2252 gravitatemque
860 2176 993 2236 civitatis
1019 2175 1131 2237 finibus
1160 2179 1261 2255 expel-

260 2265 323 2323 lere
345 2282 406 2321 non
427 2261 616 2339 potuissent,
646 2266 749 2320 tamen
775 2261 946 2339 vectigales
974 2262 1033 2320 sibi
1059 2262 1201 2322 fecerunt
1227 2283 1262 2323 ac

261 2349 355 2409 multo
377 2346 552 2407 humiliores
574 2345 815 2423 infirmioresque
835 2347 1028 2423 redegerunt.

346 2434 394 2495 IV
397 2480 403 2492 .
448 2433 486 2491 In
510 2432 616 2505 eadem
639 2452 732 2492 causa
753 2432 879 2492 fuerunt
900 2433 1045 2511 Usipetes
1068 2441 1099 2494 et
1110 2435 1262 2510 Tencteri,

264 2541 340 2597 quos
375 2540 467 2597 supra
500 2519 642 2594 diximus,
677 2520 730 2595 qui
764 2520 935 2597 complures
968 2540 1064 2579 annos
1095 2520 1264 2582 Svevorum

260 2608 323 2668 vim
346 2607 570 2679 sustinuerunt3
595 2602 634 2663 ad
657 2611 825 2664 extremum
846 2613 948 2664 tamen
976 2607 1058 2683 agris
1090 2607 1210 2684 expulsi
1232 2614 1263 2667 et

261 2692 365 2751 multis
397 2691 472 2751 11111
508 2690 679 2750 Germaniae
714 2691 877 2751 triennium
909 2693 1013 2768 vagati
1052 2692 1090 2751 ad
1122 2693 1264 2751 Rhenum

261 2783 480 2856 pervenerunt,
512 2796 588 2851 quas
621 2777 762 2853 regiones
794 2777 929 2853 Menapii
961 2778 1133 2837 incolebant
1166 2786 1197 2837 et
1225 2778 1264 2838 ad

261 2871 421 2939 utramque
443 2861 540 2939 ripam
561 2860 694 2921 fluminis
718 2882 818 2939 agros,
843 2858 975 2921 aedificia
998 2863 1143 2939 vicosque
1170 2864 1263 2923 habe·

261 2951 350 3023 bant;
385 2947 441 3007 sed
472 2954 566 3007 tantae
599 2947 801 3006 multitudinis
835 2948 919 3007 aditu
951 2949 1119 3027 perterriti,
1155 2970 1192 3009 ex
1226 2950 1264 3008 iis

263 3033 409 3109 aedificiis,
438 3053 506 3110 quae
536 3040 621 3093 trans
649 3032 763 3093 fiumen
790 3034 975 3110 habuerant,
1009 3034 1263 3112 demigravemmt,

182 3161 185 3171 ·
263 3128 294 3180 et
327 3120 370 3179 cis
399 3120 540 3178 Rhenum
569 3118 726 3197 dispositis
755 3120 908 3198 praesidiis
932 3120 1100 3180 Germanos
1133 3122 1264 3181 transire

261 3206 472 3284 prohibebant.
507 3205 559 3279 Illi
582 3205 683 3264 omnia
706 3206 833 3283 experti,
857 3226 950 3282 quum
970 3226 1070 3281 neque
1092 3206 1123 3266 vi
1141 3214 1264 3265 conten·

263 3292 335 3351 dere
372 3299 498 3369 propter
541 3291 674 3370 inopiam
710 3292 834 3352 navium
883 3311 983 3367 neque
1016 3293 1094 3351 olam
1133 3293 1265 3352 transire

261 3385 386 3455 propter
420 3376 575 3436 custodies
608 3377 820 3455 Menapiorum
852 3385 993 3455 possent,
1026 3379 1141 3438 reverti
1173 3398 1207 3437 se
1233 3378 1266 3437 in

262 3482 335 3521 suas
369 3462 458 3521 sedes
491 3462 691 3538 regionesque
725 3464 959 3540 simulaverunt,
995 3471 1026 3523 11
1058 3464 1150 3522 tridui
1184 3465 1266 3524 viam

262 3548 418 3627 progressi
449 3568 557 3607 rursus
589 3556 792 3624 reverterunt,
827 3555 918 3624 atque
952 3550 1033 3608 omni
1064 3549 1122 3609 hoo
1155 3549 1265 3609 itinere

262 3655 323 3693 una
344 3640 433 3694 111111
462 3634 599 3710 equitatu
626 3633 766 3694 confecto
788 3634 902 3695 inscios
924 3635 1178 3713 inopinantesque
1200 3636 1265 3694 Me·

262 3720 370 3798 napios
399 3726 626 3798 oppresserunt,
660 3721 712 3795 qui
735 3720 774 3779 de
799 3719 1021 3779 Germanorum
1049 3721 1189 3780 discessu
1210 3742 1266 3800 por

263 3807 469 3883 exploratores
494 3806 638 3864 certiores
660 3805 736 3865 facti
760 3806 826 3865 sine
848 3813 931 3865 metu
953 3814 1039 3866 trans
1061 3808 1205 3866 Rhenum
1234 3808 1266 3865 in

263 3911 336 3951 suos
358 3892 443 3952 vicos
475 3892 724 3967 remigraverant.
781 3891 839 3950 His
872 3891 1041 3951 interfectis
1075 3894 1267 3968 navibusque

264 3996 367 4036 eorum
389 3976 556 4053 occupatis,
578 3977 757 4054 priusquam
788 3997 824 4037 ea
845 3997 917 4054 pars
940 3978 1165 4056 Menapiorum,
1198 3997 1266 4054 quae

264 4063 340 4123 citra
361 4062 502 4121 Rhenum
525 4058 637 4137 [quieta
661 4062 693 4120 in
712 4062 776 4122 suis
795 4060 929 4136 sedibus]
948 4071 1023 4140 erat,
1041 4064 1152 4123 certior
1168 4062 1264 4139 fieret,
