2967 4609
277 344 318 401 46
572 337 626 390 DE
643 336 772 390 BELLO
790 333 971 390 GALLICO.

278 532 385 611 prtelio
419 531 626 609 complunbus
659 530 831 590 confectum
863 530 1042 589 vulneribus
1074 529 1217 604 dimmus,
1249 543 1281 591 et

278 620 351 678 item
384 617 422 677 G.
451 618 640 691 Volusenus,
673 618 815 675 tribunus
846 617 986 688 militmn,
1019 616 1068 675 vir
1099 625 1131 673 et
1162 618 1281 677 consilii

278 704 379 781 magni
412 715 444 762 et
476 704 599 763 virtutis
632 703 672 761 ad
705 703 837 761 Galbam
869 713 1032 760 accurrunt
1069 713 1161 776 atque
1188 723 1281 761 unam

278 810 348 849 esse
371 809 457 867 spem
479 789 588 847 salutis
610 788 729 863 docent,
760 790 788 846 si
817 789 975 865 eruptione
1001 787 1086 845 facta
1113 799 1280 847 extremum

279 876 424 935 auxilium
458 875 677 952 experirentur.
744 875 855 949 Itaque
887 873 1064 932 convocatis
1097 876 1280 933 centurioni-

280 964 337 1021 bus
360 961 502 1019 celeriter
523 961 635 1019 milites
663 961 810 1019 certiores
836 959 921 1028 facit,
947 959 1106 1036 paulisper
1133 961 1281 1018 intermit-

280 1057 380 1107 terent
407 1047 548 1124 proelium
581 1067 616 1105 ac
649 1046 859 1104 tantummodo
891 1046 955 1103 tela
985 1046 1080 1102 missa
1105 1047 1282 1123 exciperent

279 1153 373 1209 seque
396 1153 432 1191 ex
454 1134 560 1191 labore
586 1131 756 1206 reficerent,
782 1143 856 1209 post
883 1131 956 1189 dato
989 1132 1076 1206 siguo
1104 1151 1143 1189 ex
1169 1142 1281 1190 castris

279 1227 472 1297 erumperent
504 1227 597 1293 atque
630 1238 749 1276 omnem
776 1238 863 1295 spem
895 1217 1004 1275 salutis
1030 1218 1062 1274 in
1090 1218 1205 1275 virtute
1225 1239 1280 1295 po-

278 1314 395 1364 nerent.

364 1390 420 1449 VI.
467 1388 557 1459 Quod
574 1388 655 1464 jussi
679 1397 760 1462 sunt,
787 1388 918 1460 iaciunt,
947 1408 983 1445 ac
1010 1389 1112 1445 subito
1140 1390 1279 1448 omnibus

278 1476 375 1554 portis
405 1476 564 1552 eruptione
596 1474 679 1533 facta
711 1495 811 1549 neque
844 1474 1057 1550 cognoscendi.
1087 1474 1162 1549 qnid
1182 1474 1278 1546 fieret,

278 1582 377 1638 neque
400 1562 448 1619 sui
471 1560 633 1637 colligendi
655 1561 796 1618 hostibus
817 1559 997 1619 facultatem
1012 1560 1197 1633 relinquunt.
1230 1562 1280 1619 Ita

280 1656 465 1706 commutata
485 1646 610 1705 fortuna
632 1666 700 1719 eos,
735 1647 787 1721 qui
813 1647 847 1704 in
874 1666 961 1723 spem
987 1645 1204 1723 potiundorum
1230 1667 1279 1704 ca·

279 1742 413 1793 strorum
434 1740 597 1807 venerant,
628 1732 763 1807 undique
790 1733 1014 1791 circumventos
1041 1730 1228 1789 interficiunt
1249 1742 1281 1791 et

279 1840 316 1878 ex
349 1820 504 1879 hominum
537 1818 660 1876 milibus
693 1819 823 1895 'amplius
856 1818 964 1891 XXX,
997 1837 1089 1891 quem
1120 1838 1280 1875 nnmerum

277 1906 477 1964 barbarorum
510 1903 549 1961 ad
583 1912 685 1961 castra
716 1905 839 1962 venisse
877 1904 1053 1974 constabat,
1086 1902 1157 1979 plus
1189 1906 1281 1963 tertia

279 1998 366 2068 parte
388 1988 551 2048 interfecta
572 1989 706 2064 reliquos
727 1990 909 2068 perterritos
929 1990 961 2046 in
987 1988 1094 2064 fugam
1115 1989 1282 2066 conjiciunt

279 2096 315 2134 ac
348 2096 387 2134 ne
408 2075 439 2133 in
472 2075 548 2133 locis
577 2074 699 2149 quidem
728 2076 936 2152 superioribus
965 2074 1133 2132 consistere
1158 2076 1280 2152 patiun-

279 2172 339 2221 tur.
384 2160 434 2219 sie
458 2161 591 2218 omnium
612 2160 746 2219 hostium
768 2160 864 2237 copiis
890 2159 970 2217 fusis
998 2160 1152 2235 armisque
1180 2163 1280 2219 exutis

280 2268 314 2306 se
344 2248 374 2305 in
403 2253 505 2305 castra
533 2246 776 2321 munitionesque
803 2266 875 2304 suas
896 2245 1057 2323 recipiunt.
1103 2245 1171 2316 Quo
1197 2267 1279 2324 prte-

278 2334 319 2392 113
342 2332 435 2407 facto,
459 2332 541 2407 quod
568 2332 682 2409 saepius
711 2331 866 2390 fortunam
893 2339 1013 2389 tentare
1035 2331 1136 2390 Galba
1156 2332 1280 2391 nolebat

279 2428 371 2495 atque
404 2418 463 2477 alio
497 2438 531 2476 se
563 2418 595 2475 in
627 2418 755 2477 hiberna
787 2418 914 2475 consilio
941 2418 1064 2484 venisse
1092 2418 1287 2493 memineratq-

177 2519 181 2527 '
279 2504 346 2564 aliis
368 2503 538 2563 occurrisse
560 2504 653 2562 rebus
669 2505 804 2578 videbat,
822 2503 952 2561 maxime
968 2502 1114 2561 frumenti
1132 2524 1280 2562 commea-

280 2599 392 2667 tusque
422 2590 524 2667 inopia
552 2596 708 2666 permotus
736 2598 861 2667 postero
890 2588 939 2646 die
968 2589 1111 2647 omnibus
1132 2590 1200 2665 ejus
1221 2591 1282 2649 vici

279 2676 416 2735 aedificiis
449 2675 582 2734 incensis
615 2675 646 2733 in
678 2676 868 2752 provinciam
899 2675 1013 2732 reverti
1046 2676 1211 2749 contendit,
1245 2696 1281 2734 ac

279 2762 363 2820 nullo
396 2758 493 2819 hoste'
516 2761 698 2837 prohibente
726 2769 780 2819 aut
808 2762 867 2819 iter
896 2760 1072 2818 demorante
1099 2762 1281 2819 incolumem

279 2848 429 2923 legionem
462 2845 494 2903 in
526 2845 713 2921 Nantuates,
753 2846 824 2905 inde
855 2847 887 2904 in
918 2846 1102 2922 Allobroges
1139 2847 1283 2924 perduxit

279 2933 382 3008 ibique
404 2932 558 2991 hiemavit.

363 3018 438 3077 VII.
483 3018 543 3075 His
564 3018 657 3076 rebus
679 3016 790 3093 gestis,
822 3037 916 3092 quum
943 3017 1082 3075 omnibus
1112 3018 1151 3076 de
1179 3019 1281 3077 causis

279 3104 383 3163 Caesar
414 3109 555 3181 pacatam
590 3103 720 3162 Galliam
755 3103 942 3161 existimaret
975 3104 1129 3180 superatis
1162 3104 1280 3180 Belgis,

279 3190 414 3268 expulsis
437 3189 606 3264 Germania
629 3190 719 3249 victis
741 3190 773 3247 in
794 3188 926 3265 Alpibus
949 3187 1095 3264 Sedunis,
1120 3196 1211 3265 atque
1239 3190 1282 3249 ita

277 3276 352 3335 inita
373 3276 472 3334 hieme
494 3275 526 3333 in
547 3275 707 3352 Illyricum
728 3274 887 3353 profectus
910 3282 1002 3349 esset,
1027 3274 1109 3349 quod
1131 3295 1184 3334 eas
1207 3295 1280 3351 quo-

279 3380 338 3436 que
360 3362 500 3420 nationes
523 3360 607 3419 adire
638 3368 669 3419 at
694 3361 835 3437 regiones
858 3380 1042 3436 cognoscere
1069 3361 1201 3435 volebat,
1231 3380 1281 3419 su-

278 3446 376 3506 bitum
405 3446 520 3514 bellum
547 3447 579 3504 in
607 3446 708 3505 Gallia
736 3453 872 3505 coortum
900 3453 957 3504 est.
1007 3445 1085 3522 Ejus
1113 3447 1186 3505 belli
1213 3447 1280 3505 haec

278 3530 338 3590 fuit
360 3550 461 3590 causa.
506 3532 541 3590 P.
566 3531 696 3591 Crassus
719 3532 898 3590 adolescens
921 3551 989 3590 cum
1010 3532 1130 3608 legione
1152 3532 1282 3609 septima

277 3617 434 3695 proximus
456 3638 540 3675 mare
558 3616 713 3677 Oceanum
735 3617 919 3675 inAndibus
941 3617 1097 3676 hiemaret.
1131 3618 1176 3692 Is,
1199 3618 1282 3692 quod

278 3704 309 3761 in
331 3703 378 3761 his
400 3702 476 3762 locis
497 3704 599 3781 inopia
621 3696 766 3761 immenti
788 3710 863 3777 erat,
886 3702 1050 3779 praefectos
1080 3704 1280 3779 tribunosque

279 3789 408 3847 militum
431 3789 602 3865 complures
629 3790 660 3848 in
687 3787 832 3847 finitimas
860 3789 1001 3848 civitates
1030 3788 1176 3848 frumenti
1198 3809 1279 3848 com-

278 3882 457 3950 meatusque
490 3873 613 3951 petendi
647 3892 740 3933 causa
768 3874 890 3948 dimisit,
922 3894 980 3949 quo
1009 3875 1040 3932 in
1067 3895 1193 3933 numero
1215 3882 1282 3933 erat

278 3960 313 4017 T.
344 3958 547 4034 Terrasidius,
578 3960 690 4019 missus
716 3960 749 4017 in
770 3960 920 4033 Esuvios,
952 3960 995 4018 M.
1018 3960 1148 4019 Trebius
1171 3961 1280 4019 Gallus

281 4045 312 4103 in
341 4042 555 4119 Coriosolitas,
586 4044 621 4116 Q.
645 4044 792 4105 Velanius
822 4066 890 4103 oum
920 4045 955 4103 T.
979 4045 1052 4104 Silio
1080 4047 1113 4104 in
1134 4046 1279 4106 Venetos,
