2967 4609
241 424 246 429 p
270 356 310 413 14
588 344 788 402 cessino
807 348 984 403 critico.

266 548 376 620 postea
409 542 441 600 in
474 562 578 620 parem
608 543 689 619 juris
717 542 929 618 libertatisque
959 544 1176 620 condicionem,
1211 552 1303 621 atque

266 627 326 706 ipsi
350 635 446 702 erant,
469 634 660 705 receperunt.

351 712 476 771 XXIX.
522 714 560 772 In
578 714 688 773 castris
706 714 920 774 Helvetiorum
941 713 1055 772 tabulae
1077 723 1206 792 repertae
1230 723 1302 775 sunt

265 798 377 857 litteris
412 799 529 858 Graecis
564 799 713 859 confectae
748 807 778 858 et
811 797 850 858 ad
879 797 1033 858 Oaeserem
1065 800 1186 874 relatae;
1235 802 1300 877 qui-

265 885 323 943 bus
339 914 341 919 ·
357 884 389 942 in
421 884 535 944 tabulis
568 886 747 944 nominatim
779 885 857 943 ratio
887 883 1027 943 confecta
1056 893 1130 960 erat,
1165 886 1217 961 qui
1245 905 1300 944 nu-

265 988 367 1029 merus
407 969 496 1028 domo
535 972 649 1030 exisset
688 990 801 1044 eorum,
842 970 894 1045 qui
932 990 1016 1029 arma
1047 970 1130 1029 ferre
1162 980 1299 1048 possent,

267 1062 298 1113 et
335 1055 410 1114 item
442 1056 608 1133 separatim
640 1057 736 1134 pueri,
772 1075 861 1114 senes
894 1056 1106 1135 mulieresque.
1164 1055 1300 1128 Quarum

265 1140 398 1200 omnium
430 1160 532 1201 rerum
567 1160 685 1200 summa
718 1149 785 1201 erat
813 1141 947 1218 cupitum
975 1141 1187 1201 Helvetiorum
1216 1142 1300 1201 milia

266 1225 441 1304 OGLXIII,
464 1226 664 1303 Tulingorum
680 1228 764 1286 milia
774 1226 929 1302 XXXVI,
953 1227 1189 1303 Latobrigorum
1208 1227 1298 1303 XIV,

263 1310 474 1371 Rauracorum
487 1312 624 1387 XXHI,
652 1314 800 1390 Bojorum
821 1312 969 1384 ΧΧΧΠ;
1005 1332 1043 1370 ex
1064 1312 1112 1387 iis,
1141 1312 1193 1387 qui
1215 1333 1299 1371 arma

263 1396 345 1455 ferre
368 1405 504 1473 possent,
529 1398 568 1457 ad
595 1398 678 1458 milia
699 1398 804 1457 XCII.
860 1397 985 1456 Summa
1014 1393 1148 1456 omnium
1174 1397 1299 1457 fuerunt

265 1481 303 1540 ad
336 1482 419 1541 milie
454 1482 669 1543 OOOLXHX.
724 1485 855 1558 Eorum,
891 1484 943 1559 qui
977 1484 1100 1543 domum
1132 1483 1298 1558 redierimt,

264 1586 358 1626 censu
380 1568 493 1643 habito,
523 1576 558 1627 ut
582 1568 686 1629 Oaeser
713 1570 926 1648 imperaverat,
957 1577 1097 1647 repertus
1126 1577 1174 1628 est
1194 1589 1299 1628 nume-

263 1672 316 1711 rus
339 1653 457 1713 milium
481 1652 504 1713 0
528 1661 559 1713 et
581 1654 623 1713 X.

348 1738 455 1797 XXX.
500 1739 589 1799 Bello
611 1741 824 1801 Helvetiorum
847 1738 994 1799 confecto
1018 1740 1114 1799 totius
1135 1739 1201 1799 fere
1225 1740 1296 1799 Gal·

261 1822 310 1882 liae
344 1824 448 1901 legati,
482 1826 636 1903 principes
667 1827 835 1901 civitatum,
866 1825 906 1885 ad
928 1825 1082 1884 Oaesarem
1109 1826 1297 1903 gratulatum

263 1918 483 1969 convenerunt:
518 1911 695 1989 Intelligere
719 1932 797 1986 sese,
819 1911 942 1970 tametsi
964 1930 1020 1988 pro
1043 1911 1199 1969 veteribus
1221 1910 1296 1969 Hel·

261 1994 412 2053 vetiorum
438 1995 558 2072 injuriis
585 1998 689 2076 populi
718 1997 849 2056 Romani
877 1997 915 2054 ab
944 1996 982 2055 iis
1008 2015 1116 2074 poenas
1143 1994 1223 2054 bello
1246 2014 1293 2053 re-

259 2079 398 2156 petisset,
432 2087 535 2141 tamen
562 2102 629 2141 eam
657 2103 722 2141 rem
749 2103 810 2141 non
838 2082 939 2139 minus
967 2101 1004 2139 ex
1026 2100 1085 2140 usu
1106 2088 1196 2139 terrae
1221 2080 1293 2139 Gal-

259 2164 318 2240 lia,
354 2186 445 2241 quem
477 2168 583 2245 populi
605 2169 735 2227 Romani
769 2166 927 2242 accidisse,
961 2173 1124 2244 propterea
1152 2166 1235 2242 quod
1257 2185 1292 2224 eo

261 2250 387 2321 oonsilio
424 2251 648 2312 florentissimis
681 2254 775 2313 rebus
809 2253 915 2314 domos
949 2271 1021 2311 suas
1054 2251 1190 2311 Helvetii
1222 2251 1292 2310 reli-

260 2336 414 2412 quissent,
454 2338 500 2396 uti
539 2339 596 2397 toti
630 2339 739 2397 Galliae
777 2339 892 2398 bellum
923 2336 1073 2396 inferrent
1106 2337 1293 2414 imperioque

260 2422 431 2498 potirentur
463 2424 623 2499 locumque
658 2424 809 2484 domicilio
845 2444 882 2483 ex
916 2444 1027 2501 magna
1059 2423 1147 2500 copia
1179 2422 1292 2499 delige·

258 2515 335 2582 rent,
371 2528 461 2585 quem
483 2530 521 2567 ex
548 2510 629 2569 omni
658 2510 759 2571 Gallia
787 2510 1078 2588 opportunissimum
1100 2528 1136 2566 ac
1157 2506 1294 2566 fructuo-

259 2592 413 2651 sissimum
437 2594 641 2671 judicassent,
675 2597 871 2673 reliquasque
905 2596 1046 2656 civitates
1080 2592 1294 2671 stipendiarias

257 2677 415 2737 haberent.
471 2680 645 2756 Petierunt,
687 2681 733 2740 uti
767 2681 826 2740 sibi
859 2681 1020 2741 concilium
1053 2679 1148 2738 totius
1182 2678 1290 2736 Galliae

257 2762 289 2821 in
323 2762 403 2821 diem
431 2773 546 2825 certam
572 2766 707 2826 indicere
735 2767 828 2841 idque
852 2766 983 2825 Caesaris
1010 2763 1169 2822 voluntate
1190 2762 1293 2821 facere

256 2847 376 2923 liceret;
422 2870 491 2910 sese
523 2852 635 2910 habere
675 2852 824 2926 quasdam
857 2870 922 2926 res,
950 2850 1039 2925 ⁴quas
1072 2867 1109 2905 ex
1142 2848 1293 2906 communi

258 2952 408 2993 consensu
442 2937 480 2995 ab
509 2956 544 2995 eo
574 2945 678 3013 petere
707 2936 831 2996 vellent.
886 2936 934 2995 Ea
966 2954 1000 2994 re
1033 2933 1183 3011 permissa
1212 2932 1293 2990 diem

258 3019 383 3079 concilio
424 3022 662 3096 constituerunt,
705 3029 736 3081 et
765 3020 983 3099 jurejurando,
1023 3039 1062 3078 ne
1096 3018 1165 3093 quis
1199 3038 1293 3077 enun-

256 3104 360 3181 tiaret,
402 3106 462 3165 nisi
495 3106 606 3180 quibus
641 3108 792 3166 communi
825 3107 951 3167 consilio
983 3103 1162 3165 mandatum
1199 3112 1291 3178 esset,

256 3189 336 3248 inter
360 3210 393 3249 se
417 3199 591 3249 sanxertmt.

341 3274 466 3335 XXXI.
516 3277 563 3335 Eo
592 3278 717 3337 concilio
741 3278 867 3338 dimisso
888 3278 982 3337 iidem
1003 3275 1157 3354 principes
1179 3274 1290 3333 civita-

254 3366 330 3433 tum,
364 3361 416 3435 qui
450 3368 519 3421 ante
552 3362 675 3423 fuerent
703 3363 741 3424 ad
771 3364 934 3439 Gaesarem,
967 3369 1160 3423 reverterunt
1191 3358 1289 3437 petie·

254 3448 396 3520 rumque,
426 3448 470 3507 uti
499 3448 557 3508 sibi
580 3457 698 3510 secreto
723 3448 764 3523 [in
786 3447 915 3523 occulto]
939 3448 978 3507 dc
1001 3468 1058 3507 sna
1080 3446 1291 3520 omniumque,

255 3528 354 3589 salute
388 3551 457 3591 cum
491 3553 525 3593 eo
566 3556 657 3613 egere
695 3536 811 3595 liceret.
874 3536 922 3593 Ea
960 3554 994 3593 re
1026 3533 1189 3610 impetrata
1222 3548 1291 3589 sese

255 3634 359 3675 omnes
381 3615 490 3678 flentes
515 3619 628 3681 Caesari
660 3621 700 3680 ad
724 3622 820 3700 pedes
849 3620 1058 3699 projecerunt:
1092 3616 1163 3676 Non
1190 3616 1290 3674 minus

256 3718 290 3759 se
322 3700 355 3759 id
389 3705 571 3765 contendere
606 3714 637 3765 et
670 3707 825 3783 laborare,
870 3726 909 3766 ne
942 3725 993 3781 ee,
1028 3723 1096 3779 quae
1130 3702 1289 3774 dixissent,

171 3832 174 3837 ,
254 3788 500 3866 enuntiarentur,
536 3811 627 3866 quam
660 3793 705 3851 uti
738 3812 783 3869 ea,
817 3812 886 3869 quae
919 3791 1043 3866 vellent,
1076 3790 1287 3865 impetrarent,

253 3880 415 3949 propterea
438 3876 529 3952 quod,
558 3878 584 3935 si
613 3879 803 3937 enuntiatum
826 3884 918 3952 esset,
943 3895 1094 3935 summum
1115 3874 1147 3932 in
1170 3871 1289 3932 orucia-

253 3962 318 4014 tum
341 3978 375 4017 se
396 3968 542 4021 venturos
564 3962 713 4024 viderent.
769 3964 907 4023 Locutus
938 3970 987 4021 est
1007 3982 1063 4040 pro
1084 3959 1134 4018 his
1155 3954 1289 4018 Divitia-

253 4061 308 4100 cus
331 4042 484 4110 Haeduus:
521 4046 629 4107 Galliae
657 4050 752 4110 totius
780 4049 932 4110 factiones
964 4066 1032 4107 esse
1055 4046 1147 4117 duas3
1181 4042 1289 4101 harum
