2967 4609
591 432 593 438 ,
639 348 759 403 1111111
781 350 804 404 1.
1194 359 1235 417 27

210 564 278 619 quae
311 544 343 601 in
374 544 515 622 proelium
547 543 777 621 proficiscentes
815 546 917 623 passis
956 548 1095 606 manibus
1127 545 1236 606 flentes

208 630 420 709 implorabant,
444 650 483 689 ne
506 648 540 688 se
562 630 593 688 in
616 632 795 692 servitutem
816 633 963 691 Romanis
984 634 1149 692 traderent.
1331 627 1333 630 ’

243 708 248 719 '
295 716 367 777 LII.
430 715 534 775 Caesar
574 717 701 795 singulis
740 718 910 794 legionibus
949 718 1085 796 singulos
1117 720 1236 795 legatos

210 810 241 863 et
278 808 460 878 quaestorem
500 801 649 879 praefecit,
694 803 738 861 uti
778 824 830 862 eos
868 811 964 863 testes
1004 825 1067 863 suae
1109 805 1237 880 quisque

209 888 331 955 virtutis
364 888 505 961 haberet,
540 887 606 966 ipse
641 910 659 947 a
692 888 799 948 dextro
828 910 930 965 cornu,
966 890 1046 965 quod
1074 911 1141 949 eam
1168 910 1237 967 par·

209 982 271 1033 tem
302 974 423 1031 minime
455 972 571 1034 firmam
603 975 735 1033 hostium
764 995 833 1034 esse
861 976 1124 1051 animadverterat,
1157 996 1237 1052 proe-

206 1062 283 1119 lium
310 1060 467 1118 commisit.
522 1061 574 1119 Ita
600 1061 703 1137 nostri,
727 1062 838 1120 acriter
864 1063 896 1120 in
923 1063 1028 1121 hostes
1056 1062 1142 1139 signo
1166 1060 1237 1119 dato

210 1147 355 1224 impetum
393 1144 545 1221 fecerunt,
590 1146 692 1221 itaque
731 1148 837 1205 hostes
876 1155 1000 1225 repente
1040 1148 1238 1221 celeriterque

210 1238 435 1311 procurrerunt,
469 1238 504 1289 ut
532 1233 663 1310 spatium
690 1234 754 1313 pila
781 1234 813 1290 in
841 1233 946 1292 hostes
975 1232 1157 1310 conjiciendi
1178 1253 1239 1290 non

212 1318 344 1377 daretur.
400 1316 537 1394 Rejeotis
566 1319 637 1396 pilis
666 1307 831 1378 conuulhus
854 1319 965 1395 gladiis
986 1326 1155 1397 pugnatum
1176 1326 1237 1392 est3

212 1411 244 1463 at
281 1403 425 1462 Germani
469 1403 606 1463 celeriter
651 1425 688 1463 ex
732 1405 950 1464 consvetudine
994 1426 1050 1465 sua
1088 1405 1239 1484 phalange

212 1488 296 1549 faeta
316 1490 448 1566 impetus
472 1488 641 1565 gladiorum
664 1497 857 1567 exceperunt.
907 1490 1034 1568 Reperti
1062 1498 1133 1568 sunt
1160 1510 1239 1549 com·

213 1576 317 1653 plures
357 1575 454 1633 nostri
491 1576 617 1650 militae,
658 1576 709 1651 qui
748 1577 780 1634 111
818 1576 987 1654 phalangas
1025 1577 1177 1635 insilirent
1210 1581 1241 1633 et

212 1668 300 1719 scuta
321 1661 461 1719 manibus
484 1661 668 1723 revellerent
689 1668 721 1720 et
743 1662 875 1739 desuper
897 1662 1100 1722 vulnerarent.
1140 1661 1241 1732 Quum

212 1747 343 1805 hostium
377 1746 458 1805 acies
492 1768 510 1805 a
544 1748 667 1807 sinistro
701 1768 795 1806 cornu
828 1747 917 1824 pulsa
950 1755 1040 1823 atque
1073 1748 1105 1805 in
1137 1746 1241 1823 fugam

214 1846 360 1893 conversa
394 1840 484 1908 esset,
520 1854 537 1891 0
570 1833 676 1891 dextro
709 1854 802 1893 cornu
829 1834 1024 1893 vehementer
1050 1832 1241 1892 multitudine

213 1938 335 1978 suorum
366 1924 503 1977 nostram
536 1919 632 1977 aciem
664 1920 852 1996 premebant.
908 1919 946 1977 Id
980 1939 1073 1993 quum
1108 1917 1241 1977 animad-

212 2004 356 2065 vertisset
387 2004 422 2061 P.
448 2003 577 2063 Crassus
611 2004 800 2079 adolescens,
836 2005 887 2080 qui
920 2005 1067 2080 equitatui
1100 2010 1240 2083 praeerat,

213 2090 293 2165 quod
326 2090 494 2168 expeditior
527 2097 601 2165 erat,
637 2110 726 2165 quam
759 2092 790 2160 ii,
825 2092 876 2166 qui
908 2092 988 2150 inter
1017 2092 1112 2151 aciem
1138 2108 1242 2151 versa-

212 2177 332 2251 bantur,
361 2176 482 2235 tertiam
505 2176 601 2235 aciem
622 2177 832 2236 laborantibus
854 2178 967 2236 uostris
990 2176 1126 2236 subsidio
1148 2176 1240 2234 misit.

298 2261 388 2320 LIII.
450 2261 499 2320 Ita
537 2262 678 2339 proelium
715 2263 890 2322 restitutum
928 2270 976 2321 est
1008 2271 1099 2338 atque
1139 2281 1241 2324 omnes

213 2348 316 2406 hostes
333 2354 436 2424 'terga
469 2354 635 2422 verterunt,
669 2369 768 2424 neque
801 2349 886 2426 prius
914 2348 1019 2425 fugere
1050 2348 1242 2421 destitertmt,

215 2453 306 2508 quam
339 2432 378 2491 ad
411 2432 523 2492 flumen
559 2433 700 2492 Rhenum
737 2434 820 2492 milia
856 2453 1003 2511 passuum
1036 2454 1073 2493 ex
1107 2453 1141 2491 eo
1175 2432 1242 2489 1000

215 2519 334 2577 circiter
373 2518 504 2594 quinque
545 2526 758 2596 pervenerrm't.
821 2520 871 2577 Ibi
909 2519 1054 2596 perpauci
1087 2524 1140 2575 aut
1172 2517 1242 2576 viri-

214 2605 272 2663 bus
312 2603 418 2663 confisi
458 2611 580 2663 tranare
621 2604 842 2663 contenderunt
880 2611 933 2663 aut
965 2604 1106 2663 lintribus
1138 2603 1243 2662 inven-

214 2690 255 2748 tis
289 2690 347 2749 sibi
381 2690 510 2749 s'alutem
536 2697 736 2767 repererunt.
803 2691 842 2749 Iu
881 2691 929 2751 his
969 2690 1026 2749 fuit
1058 2689 1242 2762 Ariovistus,

216 2776 267 2851 qui
298 2776 469 2836 narloulam
503 2776 666 2852 deligatam
700 2776 739 2835 ad
767 2776 864 2854 ripam
891 2784 1000 2835 nactus
1029 2796 1065 2835 ea
1091 2774 1242 2853 profugit;

214 2862 347 2937 reliquos
381 2881 484 2921 omnes
525 2862 661 2937 equitatu
695 2864 852 2921 consecuti
884 2864 981 2921 nostri
1014 2860 1242 2920 interfecerunt.

214 2946 293 3005 Duae
315 2946 438 3006 fuerunt
458 2948 607 3008 Ariovisti
634 2968 756 3023 uxores,
786 2970 847 3007 una
870 2948 971 3009 Sveva
991 2948 1124 3022 natione,
1155 2967 1245 3022 quam

216 3033 303 3092 domo
338 3053 447 3097 secum¹
475 3034 619 3109 duxerat,
666 3034 761 3092 altera
800 3034 927 3110 Norica,
968 3034 1051 3110 regis
1084 3032 1245 3093 Voctionis

217 3138 311 3195 soror,
341 3139 430 3195 quam
451 3120 483 3177 in
507 3119 606 3178 Gallia
629 3118 758 3177 duxerat
781 3140 798 3177 a
820 3118 916 3179 fratre
938 3120 1079 3192 missam;
1102 3126 1245 3191 utraeque

216 3204 247 3261 in
270 3224 305 3263 ea
326 3203 399 3281 fuga
426 3206 590 3283 perierunt.
646 3204 724 3262 Duae
752 3204 822 3263 filiae
850 3206 972 3276 harum,
1008 3205 1105 3263 altera
1133 3203 1244 3276 occisa,

125 3344 127 3349 ,
217 3290 312 3349 011010
345 3297 435 3367 capta
474 3298 529 3349 est.
593 3290 629 3349 G.
660 3290 802 3349 Valerius
835 3291 985 3349 Procillus
1019 3310 1111 3365 quum
1144 3308 1162 3346 a
1195 3308 1245 3346 cu-

217 3374 355 3435 stodibus
387 3377 419 3434 in
451 3375 525 3453 fuga
557 3376 645 3435 trinis
680 3376 794 3435 catenis
827 3376 948 3435 1111101111
989 3376 1176 3449 traheretur,
1214 3374 1247 3431 in

217 3462 317 3538 ipsum
351 3461 503 3521 Gaesarem
541 3462 646 3521 hostes
687 3462 824 3537 equitatu
862 3469 1096 3540 persequentem
1129 3460 1245 3520 incidit.

218 3546 292 3617 Quae
321 3548 442 3623 quidem
469 3568 518 3607 res
550 3547 664 3607 Oaesari
691 3568 753 3606 non
780 3548 935 3623 minorem,
970 3568 1060 3623 quam
1088 3548 1156 3625 ipsa
1182 3546 1245 3606 110·

215 3633 302 3707 10110,
335 3633 523 3711 voluptatem
552 3633 669 3708 attulit,
705 3634 786 3708 quod
818 3634 969 3692 hominem
1000 3632 1248 3693 honestissimum

218 3719 382 3796 provinciae
417 3719 535 3795 Galliae,
571 3739 658 3777 suum
692 3717 871 3778 familiarem
904 3728 935 3779 et
966 3720 1126 3798 hospitem,
1162 3738 1247 3795 erep-

217 3812 282 3863 tum
315 3824 331 3863 e
364 3806 503 3864 manibus
531 3805 664 3863 hostium
692 3805 752 3863 sibi
778 3806 954 3863 restitutum
980 3805 1114 3880 videbat,
1148 3822 1247 3878 neque

218 3889 284 3965 ejus
313 3890 484 3950 calamitate
512 3891 549 3950 de
577 3897 663 3949 tanta
690 3891 847 3968 voluptate
877 3897 908 3949 et
934 3890 1136 3968 gratulatione
1164 3890 1247 3964 quic-

219 3995 307 4050 quam
339 3975 462 4036 fortune
495 3976 693 4035 deminuerat.
748 3977 782 4035 Is
816 3995 850 4035 se
882 3983 1034 4054 praesente
1069 3976 1107 4033 de
1134 3994 1168 4034 se
1193 3982 1248 4034 ter

218 4062 350 4121 sortibus
374 4062 544 4143 consultum
567 4058 696 4137 dicebat,
730 4068 831 4120 utrum
858 4062 922 4138 igni
949 4058 1053 4120 statim
1079 4068 1247 4155 separatim,
1266 4059 1285 4131 i·
