2967 4609
1266 363 1508 418 LIBER.
1543 363 1642 418 VI.
2286 376 2291 380 ·
2362 375 2477 432 101

453 558 758 618 Treviros
803 558 993 615 mittit
1038 557 1314 632 duasque
1373 558 1453 616 ad
1500 578 1638 616 eum
1692 559 1966 635 legiones
2022 558 2330 637 proficisci
2381 562 2481 638 ju·

465 645 604 718 bet;
666 643 800 720 ipse
856 663 993 701 cum
1057 640 1400 720 legionibus
1468 644 1770 721 expeditis
1828 645 2093 720 quinque
2151 645 2214 704 in
2275 647 2483 706 Mena-

469 730 603 808 pios
649 727 1073 806 proficiscitur.
1164 728 1266 786 Illi
1308 729 1477 787 nulla
1523 736 1737 788 coacta
1779 750 1982 805 manu,
2029 730 2148 788 loci
2193 733 2481 808 praesidio

468 814 631 889 freti,
699 815 763 872 in
831 814 1022 874 silvas
1086 814 1465 891 paludesque
1535 814 1896 891 confugiunt
1965 835 2199 891 suaque
2269 818 2482 877 eodem

470 898 810 959 conferunt.

639 986 752 1045 VI.
846 984 1054 1043 Caesar
1099 985 1341 1061 partitis
1389 986 1582 1062 copiis
1629 1006 1768 1044 cum
1816 985 1889 1044 G.
1927 986 2122 1044 Fabio
2171 988 2375 1064 legato
2422 998 2484 1048 et

468 1071 552 1129 M.
604 1070 827 1129 Crasso
887 1077 1193 1145 quaestore
1251 1063 1650 1146 celeriterque
1710 1070 1946 1130 effectis
2004 1073 2298 1149 pontibus
2357 1073 2486 1132 adit

468 1157 792 1235 tripertito,
841 1155 1097 1214 aedificia
1141 1156 1432 1231 vicosque
1476 1157 1779 1230 incendit,
1836 1178 2057 1234 magno
2101 1160 2343 1236 pecoris
2390 1167 2477 1218 at-

469 1262 586 1317 que
651 1242 962 1300 hominum
1029 1261 1279 1300 1111111010
1349 1242 1598 1318 potitur.
1727 1202 1964 1313 Quibus
2029 1245 2218 1302 rebus
2287 1247 2484 1304 coacti

468 1327 737 1404 Menapii
792 1328 1029 1404 legatos
1074 1327 1152 1385 ad
1210 1347 1347 1385 eum
1390 1327 1565 1404 pacis
1626 1328 1907 1405 petendae
1971 1349 2158 1387 causa
2211 1331 2480 1388 mittunt.

467 1413 584 1472 Ille
653 1412 968 1472 obsidibus
1038 1414 1310 1490 acceptis
1374 1412 1643 1471 hostium
1703 1433 1770 1472 se
1824 1414 2173 1473 habiturum
2229 1435 2481 1475 numero

470 1497 805 1573 confirmat,
864 1498 917 1557 si
985 1504 1091 1556 aut
1134 1498 1552 1574 Ambiorigem
1615 1507 1720 1558 aut
1781 1499 1915 1575 ejus
1971 1500 2211 1576 legatos
2257 1500 2481 1560 finibus

471 1585 599 1644 suis
642 1585 1039 1661 recepissent.
1109 1585 1226 1642 His
1274 1583 1648 1643 confirmatis
1691 1587 1879 1644 rebus
1928 1585 2266 1644 Commium
2301 1587 2479 1646 Atre-

466 1671 671 1728 batem
718 1690 853 1727 cum
899 1670 1173 1744 equitatu
1219 1669 1492 1728 custodis
1538 1671 1671 1728 loco
1716 1671 1779 1728 in
1823 1671 2126 1748 Menapiis
2170 1671 2478 1748 relinquit,

466 1756 600 1832 ipse
643 1755 707 1813 in
752 1755 1040 1814 Treviros
1084 1754 1512 1832 proficiscitur.

643 1841 791 1899 VII.
860 1841 1026 1899 Dum
1070 1841 1203 1899 haec
1243 1862 1279 1899 a
1304 1840 1550 1899 Caesare
1596 1849 1909 1917 geruntur,
1959 1841 2199 1900 Treviri
2243 1842 2480 1918 magnis

471 1927 700 1985 coactis
752 1926 1061 2004 peditatus
1116 1927 1543 2001 equitatusque
1583 1927 1774 2003 copiis
1810 1927 2152 1985 Labienum
2189 1946 2328 1985 cum
2361 1948 2484 1985 una

469 2012 735 2089 legione,
794 2032 929 2087 quae
974 2012 1039 2069 in
1084 2031 1292 2070 eorum
1346 2011 1571 2070 finibus
1630 2012 2034 2084 hiemaverat,
2095 2012 2319 2070 adoriri
2374 2034 2484 2090 pa-

468 2099 704 2172 rabant,
767 2097 1019 2173 jamque
1087 2098 1162 2156 ab
1222 2117 1292 2156 eo
1350 2118 1473 2156 non
1536 2098 1776 2175 longius
1830 2098 2004 2156 bidui
2060 2099 2163 2158 via
2207 2099 2480 2174 aberant,

469 2203 654 2258 quum
701 2183 854 2241 duas
901 2183 1143 2242 venisse
1187 2183 1461 2260 legiones
1519 2184 1710 2242 missu
1760 2182 2023 2242 Caesaris
2083 2190 2479 2260 cognoscunt.

468 2269 694 2327 Positis
741 2268 961 2327 castris
1006 2289 1042 2326 a
1085 2269 1331 2327 milibus
1375 2288 1674 2346 passuum
1717 2269 1841 2329 XV
1887 2269 2111 2330 auxilia
2153 2269 2483 2328 Germano-

466 2374 601 2412 rum
664 2361 988 2432 expectare
1047 2355 1441 2413 constituunt.
1557 2355 1867 2413 Labienus
1927 2355 2194 2413 hostium
2240 2355 2482 2430 cognito

469 2439 741 2514 consiliO,
813 2459 1067 2517 sperans
1126 2439 1471 2498 temeritate
1534 2459 1742 2497 eorum
1796 2438 1930 2498 fore
1989 2440 2254 2514 aliquam
2313 2439 2482 2496 dimi·-

469 2524 647 2584 candi
704 2525 1091 2599 facultatem,
1161 2524 1449 2602 praesidio
1506 2525 1565 2584 V
1623 2524 1965 2583 cohortium
2031 2524 2484 2602 impedimentis

464 2611 678 2670 relicto
726 2631 864 2669 cum
907 2611 1096 2669 XXV
1141 2610 1493 2670 cohortibus
1548 2630 1890 2686 magnoque
1952 2611 2227 2685 equitatu
2271 2609 2485 2668 contra

466 2697 706 2755 hostem
749 2695 1157 2774 proficiscitur
1203 2704 1265 2754 et
1307 2696 1472 2753 mille
1527 2716 1825 2774 passuum
1878 2695 2225 2754 intermisso
2283 2695 2482 2772 spatio

469 2790 673 2840 castra
742 2783 1089 2840 communit.
1191 2782 1345 2840 Erat
1409 2783 1570 2841 inter
1613 2781 1954 2841 Labienum
2015 2788 2199 2857 atque
2242 2781 2483 2840 hostem

468 2866 707 2926 difficili
752 2868 1017 2926 transitu
1072 2865 1300 2926 flumen
1356 2867 1630 2945 ripisque
1689 2868 2054 2945 praeruptis;
2125 2868 2240 2927 hoc
2285 2886 2482 2942 neque

464 2953 597 3030 ipse
644 2953 905 3011 transire
950 2953 1217 3012 habebat
1260 2953 1323 3010 in
1368 2955 1602 3029 animO,
1670 2973 1867 3029 neque
1922 2954 2134 3012 hostes
2192 2953 2482 3012 transitu-

462 3057 566 3096 ros
633 3039 1037 3097 existimabat.
1149 3039 1514 3114 Augebatur
1573 3039 1932 3098 auxiliorum
1978 3038 2249 3113 quotidie
2317 3057 2480 3115 speS.

466 3123 767 3199 Loquitur
830 3125 895 3182 in
962 3123 1213 3183 consilio
1260 3124 1482 3201 palam,
1556 3125 1839 3199 quoniam
1902 3123 2191 3182 Germani
2261 3143 2479 3199 appro-

465 3210 762 3286 pinquare
809 3209 1108 3284 dicantur,
1180 3228 1317 3268 sese
1387 3224 1532 3268 suas
1601 3209 2027 3283 exercitusque
2093 3207 2375 3266 fortunas
2419 3209 2482 3265 in

468 3295 716 3354 dubium
784 3315 903 3354 non
972 3295 1411 3355 devocaturum
1471 3301 1534 3353 et
1599 3301 1848 3372 postero
1918 3293 2016 3353 die
2081 3293 2278 3371 prima
2344 3293 2482 3351 luce

469 3387 673 3439 castra
716 3387 1039 3440 moturum.
1133 3379 1431 3439 Celeriter
1499 3380 1632 3439 haec
1696 3380 1774 3438 ad
1830 3379 2040 3438 hostes
2101 3377 2478 3453 deferuntur,

464 3472 534 3523 ut
596 3486 689 3524 -ex
770 3486 989 3542 magno
1070 3465 1385 3525 Gallorum
1479 3466 1749 3540 equitum
1827 3484 2078 3524 numero
2159 3464 2481 3523 nonnullos

468 3550 720 3611 Gallicis
778 3553 962 3610 rebus
1018 3551 1230 3611 favere
1285 3560 1508 3610 natura
1565 3553 1841 3627 cogebat.
1935 3551 2248 3609 Labienus
2291 3557 2478 3609 noctu

463 3637 725 3696 tribunis
791 3637 1050 3695 militum
1114 3637 1446 3714 primisque
1516 3637 1830 3695 ordinibus
1901 3636 2273 3711 convocatis,
2333 3635 2480 3710 quid

465 3723 561 3781 sui
628 3723 709 3781 sit
755 3722 1020 3797 consilii,
1088 3721 1375 3820 proponit
1431 3730 1521 3797 et,
1594 3743 1711 3797 quo
1771 3721 2017 3780 facilius
2073 3722 2354 3781 hostibus
2400 3721 2474 3778 ti-

462 3808 650 3867 moris
719 3808 823 3867 det
903 3808 1342 3884 suspicionem,
1422 3807 1543 3884 maj
1553 3827 1656 3866 ore
1735 3809 1998 3885 strepitu
2065 3814 2127 3864 et
2193 3805 2474 3877 tumultu,

467 3914 651 3968 quam
719 3893 929 3972 populi
983 3893 1245 3952 Romani
1312 3892 1433 3951 fert
1501 3893 1911 3967 consvetudo,
1982 3898 2184 3950 castra
2249 3889 2480 3950 moveri

455 3979 651 4056 jubet.
757 3979 875 4037 His
941 3980 1128 4038 rebus
1187 3977 1353 4055 fugae
1423 3978 1679 4036 similem
1744 3976 2184 4054 profectionem
2253 3973 2476 4034 effecit.
