2967 4609
594 326 715 380 LIBER
731 327 798 409 Vll.
1164 341 1221 397 121

216 520 250 578 in
272 518 409 592 Helvios,
445 519 496 594 qui
529 517 606 578 fines
617 520 825 580 Arvernorum
849 523 1038 600 contingunt,
1062 527 1223 586 convenire
1312 511 1313 516 ἵ

215 604 315 682 jubet.

305 689 397 748 VIII.
442 689 501 748 His
523 690 616 748 rebus
639 691 822 768 comparatis
844 711 985 770 represso
1004 693 1070 770 jam
1080 697 1224 756 Lucterio

220 782 251 834 et
272 782 398 850 remoto,
422 774 504 849 quod
526 774 640 834 intrare
666 776 747 836 intra
764 777 908 855 praesidia
936 779 1141 856 periculosum
1170 803 1225 860 pu-

218 861 314 934 tabat,
336 861 369 918 in
391 860 519 920 Helvios
540 860 752 937 proficiscitur.
799 863 869 922 Etsi
890 883 978 923 mons
997 863 1148 942 Cevenna,
1173 869 1224 942 qui

218 946 377 1005 Aruernos
405 947 443 1005 ab
466 945 586 1012 Helviis
616 946 769 1024 discludit,
800 947 961 1008 durissimo
990 958 1126 1029 tempore
1154 954 1225 1012 anni

219 1031 368 1090 altissima
389 1031 459 1091 nive
481 1031 540 1090 iter
561 1031 756 1109 impediebat,
779 1041 881 1093 tamen
903 1035 1044 1095 discussa
1072 1037 1142 1097 nive
1171 1057 1225 1097 sex

218 1117 250 1175 in
283 1116 473 1175 altitudinem
505 1116 618 1194 pedum
650 1125 742 1194 atque
769 1119 813 1178 ita
840 1120 900 1180 viis
921 1120 1085 1198 patefactis
1109 1143 1224 1182 summo

219 1203 348 1261 militurn
371 1202 482 1260 sudore
511 1202 550 1260 ad
571 1201 647 1262 fines
676 1204 886 1285 Aruernorum
912 1208 1061 1284 pervenit.
1108 1208 1225 1280 Quibus

221 1287 378 1365 oppressis
411 1286 656 1364 inopinantibus,
696 1290 778 1364 quod
817 1310 850 1349 se
891 1290 1033 1352 Cevenna
1073 1300 1106 1351 ut
1138 1315 1223 1353 muro

220 1374 355 1432 munitos
383 1373 607 1449 existimabant,
637 1394 679 1433 ac
700 1395 739 1434 ne
764 1375 912 1452 singulari
942 1378 1064 1453 quidem
1091 1400 1225 1456 unquam

219 1459 335 1518 homini
368 1478 403 1518 eo
436 1466 572 1535 tempore
606 1460 676 1518 anni
710 1461 826 1519 semitae
859 1469 1039 1539 patuerant,
1074 1465 1226 1541 equitibus

219 1545 360 1623 imperat,
383 1551 428 1619 ut,
452 1564 541 1619 quam
563 1544 711 1604 latissime
733 1547 868 1623 possint,
899 1557 1049 1624 vagentur
1078 1557 1108 1608 et
1137 1571 1227 1627 quam

219 1630 385 1688 maximum
405 1629 545 1689 hostibus
567 1637 714 1690 terrorem
736 1631 877 1691 inferant.
924 1632 1070 1692 Celeriter
1092 1636 1159 1694 haec
1182 1635 1225 1694 fa·

222 1736 274 1774 ma
307 1736 342 1774 ac
375 1715 489 1774 nuntiis
517 1715 557 1774 ad
583 1716 865 1793 Vercingetorigem
897 1718 1102 1795 perferuntur,
1137 1741 1226 1795 quern

220 1801 377 1879 perterriti
400 1820 503 1859 omnes
525 1800 658 1861 Arverni
681 1803 909 1862 circumsistunt
937 1811 1028 1879 atque
1051 1806 1222 1880 obsecrant,

220 1894 257 1946 ut
280 1887 343 1946 suis
355 1885 487 1944 fortunis
510 1888 659 1962 consulat,
683 1908 743 1947 neu
773 1908 807 1948 se
829 1889 867 1947 ab
882 1889 1038 1948 'hostibus
1062 1890 1151 1969 diripi
1172 1911 1225 1968 pa·

220 1972 326 2045 tiatrrr,
347 1972 519 2050 praesertim
542 1992 633 2047 quum
655 1973 769 2049 videat,
788 1994 876 2032 omne
895 1975 934 2033 ad
953 1994 985 2034 se
1002 1975 1116 2034 bellum
1127 1983 1226 2036 trans-

196 2059 327 2121 latum.
373 2057 508 2128 Quorum
530 2058 581 2117 ille
603 2059 746 2136 precibus
768 2065 925 2137 permotus
949 2068 1052 2120 castra
1080 2082 1118 2120 ex
1139 2062 1226 2122 Bitu·

221 2143 341 2220 rigibus
364 2149 467 2203 movet
488 2143 520 2200 in
541 2144 698 2204 Arvernos
721 2165 839 2204 versus.

313 2229 371 2287 IX.
416 2227 459 2286 At
482 2227 586 2288 Cacsar
607 2231 733 2288 biduum
754 2231 786 2288 in
808 2231 855 2290 his
885 2232 960 2290 locis
977 2239 1127 2308 moratus,
1148 2232 1229 2308 quod

226 2315 294 2373 haec
317 2313 355 2373 de
383 2313 635 2391 Vercingetorige
662 2336 720 2374 usu
749 2314 878 2376 ventura
906 2317 1045 2394 opinione
1073 2337 1226 2394 praecepe-

226 2407 289 2474 rat,
322 2419 378 2477 per
407 2419 531 2463 causam
560 2401 763 2479 supplementi
791 2402 1004 2476 equitatusque
1033 2401 1161 2478 cogendi
1189 2403 1226 2460 ab
1258 2437 1260 2442 ·

227 2485 362 2543 exercitu
383 2484 529 2560 discedit;
553 2485 683 2545 Brutum
705 2485 928 2547 adolescentem
950 2487 997 2545 his
1016 2487 1111 2564 copiis
1128 2485 1226 2564 praefi-

228 2570 283 2644 cit‘3
307 2570 387 2629 hunc
410 2578 521 2645 monet,
544 2572 632 2629 utin
655 2589 760 2630 omnes
782 2579 885 2648 partes
915 2572 1033 2646 equites
1062 2572 1226 2648 quam'la-

227 2657 345 2714 tissime
378 2664 598 2733 pervagentur,
634 2657 775 2715 daturum
810 2676 842 2716 se
872 2677 1004 2734 operam,
1038 2678 1077 2716 ne
1104 2657 1225 2734 longius

228 2743 328 2804 triduo
351 2745 389 2802 ab
413 2742 523 2803 castris
546 2743 636 2801 absit.
670 2743 729 2802 His
753 2743 927 2801 constitutis
950 2745 1052 2819 rebus,
1077 2743 1140 2802 suis
1162 2743 1226 2802 ino·

226 2825 420 2908 pinantibus,
446 2849 537 2904 quam
569 2828 708 2887 maximis
741 2835 845 2906 potest
875 2829 1050 2905 itineribus,
1079 2829 1227 2888 Viennam

226 2915 375 2993 pervenit.
421 2915 471 2973 Ibi
492 2921 602 2972 nactus
624 2921 779 2973 recentem
804 2915 982 2990 equitatum,
1006 2935 1095 2990 quem
1122 2915 1225 2974 multis

228 3001 307 3060 ante
326 3000 433 3059 diebus
462 3019 497 3058 eo
525 2999 730 3076 praemiserat,
762 3019 861 3074 neque
889 3000 996 3059 diurno
1024 3019 1122 3076 neque
1155 3021 1226 3058 noc-

226 3094 314 3145 turno
336 3085 445 3145 itinere
466 3085 639 3144 intermisso
662 3083 816 3162 perfines
844 3085 1033 3148 Haeduorum
1060 3085 1093 3143 in
1114 3085 1225 3162 Lingo-

226 3191 281 3230 nes
303 3168 469 3246 contendit,
492 3171 546 3229 ubi
567 3170 635 3228 duae
657 3171 794 3246 legiones
817 3171 1000 3245 hiemabant,
1030 3177 1073 3243 ut,
1097 3170 1124 3228 si
1153 3168 1226 3245 quid

144 3327 147 3332 Ι
229 3257 319 3316 etiam
342 3257 380 3316 (16
403 3277 459 3315 sua
481 3256 580 3315 salute
608 3257 646 3314 ab
668 3255 798 3314 Haeduis
816 3255 944 3314 iniretur
971 3255 1098 3330 consilii,
1122 3254 1225 3313 celeri-

225 3349 289 3403 tate
320 3348 532 3422 praecurreret.
588 3342 635 3400 Eo
669 3361 763 3416 quum
794 3341 994 3420 pervenisset,
1030 3340 1069 3398 ad
1091 3339 1225 3416 reliquas

226 3428 362 3504 legiones
391 3428 493 3503 mittit,
522 3427 668 3504 priusque
698 3446 803 3486 omnes
824 3427 856 3485 in
886 3447 979 3484 unum
1007 3426 1107 3484 locum
1135 3426 1224 3502 cogit,

227 3534 317 3589 quam
350 3512 389 3571 de
418 3513 485 3588 ejus
514 3511 649 3572 adventu
670 3512 820 3572 Arvernis
842 3512 1113 3590 nuntiari‘posset.
1158 3511 1226 3570 Hac

226 3599 404 3676 recognita
425 3598 659 3674 Vercingetorix
687 3617 795 3656 rursus
823 3598 855 3656 in
877 3597 1033 3675 Bituriges
1062 3597 1226 3657 exercitum

225 3685 355 3760 reducit,
379 3691 470 3760 atque
492 3683 563 3742 inde
585 3681 742 3760 profectus
766 3683 982 3760 Gorgobinam,
1004 3683 1151 3760 Bojorum
1174 3702 1225 3758 op·

226 3769 340 3848 pidum,
375 3788 451 3844 quos
479 3769 523 3827 ibi
551 3768 712 3828 Helvetico
739 3769 847 3846 proelio
876 3768 975 3830 victos
1005 3767 1108 3827 Caesar
1135 3765 1225 3825 collo·
1329 3809 1332 3816 .

227 3863 350 3915 caverat
372 3854 561 3929 Haeduisque
584 3855 775 3929 attribuerat,
799 3874 975 3933 oppugnare
998 3853 1139 3911 instituit.

311 3941 352 3999 X.
397 3940 541 4016 Magnam
563 3939 629 3998 haec
651 3959 701 3998 res
725 3937 841 3998 Caesari
863 3938 1073 3998 difficultatem
1100 3935 1139 3995 ad
1156 3956 1225 3995 con·

225 4026 328 4115 ,silium
351 4025 532 4104 capiendum
559 4023 710 4084 afferebat
718 4045 727 4081 ε.
755 4025 781 4082 si
811 4024 1098 4100 reliquampartem
1119 4021 1225 4082 hiemis
