2967 4609
223 366 263 422 68
534 356 588 409 DE
606 354 733 409 BELLO
753 354 922 409 GALLIOO
1020 399 1023 400 ⁷

308 550 429 609 XXVI.
475 550 647 626 Pugnatum
670 555 718 608 est
746 550 784 608 ab
813 550 951 625 utrisque
979 548 1103 622 acriter3
1132 549 1230 607 nostri

221 644 334 707 tamen,
359 635 441 711 quod
471 654 570 711 neque
599 634 722 693 ordines
753 654 876 694 servare
904 654 1004 710 neque
1031 633 1158 692 firmiter
1184 634 1228 692 in-

221 723 332 783 sistere
355 741 454 796 neque
477 721 564 797 signa
598 720 745 795 subsequi
772 727 915 798 poterant
942 727 1034 795 atque
1064 719 1141 778 alius
1171 720 1230 778 alia
1286 740 1290 743 ⁴

223 828 261 867 ex
290 807 370 881 navi,
406 806 637 881 quibuscunque
672 806 767 882 signis
797 812 986 881 occurrerat,
1021 825 1055 864 66
1083 825 1230 881 aggrega-

160 934 162 939 ·
220 894 284 969 bat,
314 911 498 969 magnopere
520 892 793 969 perturbabantur3
823 892 928 951 hostes
955 911 1028 951 vero
1058 892 1139 949 notis
1168 911 1228 949 om-

224 978 313 1037 nibus
337 977 436 1056 vadis,
469 978 522 1036 ubi
556 998 593 1035 ex
614 977 703 1036 litore
738 977 856 1051 aliquos
891 977 1062 1053 singulares
1096 995 1133 1034 ex
1158 976 1230 1035 navi

221 1064 414 1141 egredientes
438 1069 675 1140 conspexerant,
704 1063 838 1121 incitatis
867 1062 953 1137 equis
980 1061 1142 1139 impeditos
1177 1060 1229 1119 ad-

221 1149 411 1213 oriebantur:
436 1150 541 1226 plures
559 1168 673 1225 paucos
695 1148 974 1223 circumsistebant,
999 1148 1049 1205 alii
1072 1147 1109 1205 ab
1132 1147 1229 1205 latere

222 1242 328 1311 aperto
352 1234 385 1291 in
407 1230 568 1294 universos
590 1234 652 1292 tela
676 1234 888 1310 conjiciebant.
935 1231 1024 1303 Quod
1053 1253 1145 1307 quum
1166 1232 1229 1290 ani-

223 1320 441 1379 maduertisset
470 1318 587 1394 Caesar,
630 1319 761 1396 scaphas
794 1319 953 1395 longarum
985 1318 1124 1393 navium,
1157 1318 1231 1375 item

222 1405 427 1483 speculatoria
455 1405 578 1482 navigia
606 1404 754 1463 militibus
786 1404 929 1482 compleri
952 1404 1047 1480 jussit
1074 1411 1120 1477 et,
1152 1421 1228 1477 quos

220 1492 395 1549 laborantes
419 1496 630 1569 conspexerat,
653 1489 691 1548 iis
715 1489 853 1549 subsidia
875 1490 1089 1548 summittebat.
1124 1488 1230 1548 Nostri

222 1576 312 1641 simul
333 1576 365 1633 in
389 1576 473 1635 arido
498 1576 709 1656 constiterunt,
734 1575 799 1634 suis
828 1575 966 1633 omnibus
996 1574 1169 1633 consecutis
1197 1573 1229 1631 in

221 1662 327 1719 hostes
349 1661 496 1738 impetum
518 1660 657 1720 1666111111
680 1668 771 1736 atque
794 1681 846 1719 eos
874 1660 906 1719 in
934 1658 1041 1736 fugam
1070 1659 1228 1731 dederunt,

221 1766 321 1822 neque
344 1747 464 1823 longius
487 1746 631 1824 prosequi
653 1752 826 1823 potuerunt,
857 1746 938 1820 quod
967 1746 1085 1820 equites
1108 1764 1230 1802 cursum

221 1839 326 1891 tenere
350 1839 440 1908 atque
462 1833 593 1891 insulam
616 1851 725 1909 capere
748 1852 809 1889 non
831 1836 1001 1907 potuerant.
1046 1830 1115 1888 Hoc
1136 1849 1230 1886 unum

222 1917 262 1975 ad
283 1918 444 1995 pristinam
465 1917 619 1976 fortunam
642 1916 758 1975 Caesari
780 1915 887 1975 defuit.
1170 1986 1173 1990 Ι

306 2002 446 2062 XXVII.
480 2003 596 2061 Hostes
618 2001 726 2079 proelio
750 2002 895 2078 superati,
919 2001 1009 2059 simul
1028 2007 1118 2075 atque
1136 2019 1169 2058 se
1191 2019 1229 2057 ex

222 2086 295 2163 fuga
324 2093 514 2165 receperunt,
550 2088 653 2146 statim
681 2087 720 2145 ad
750 2086 903 2145 Oaesarem
935 2087 1054 2162 legatos
1088 2084 1126 2143 de
1152 2103 1229 2161 pace

221 2172 385 2246 irriserunt,
410 2173 533 2231 obsides
557 2172 691 2247 daturos,
716 2192 845 2247 quaeque
873 2172 1063 2249 imperasset,
1093 2169 1229 2229 facturos

222 2276 291 2316 sese
313 2258 442 2334 polliciti
465 2264 544 2317 sunt.
590 2258 660 2316 Una
683 2278 753 2316 cum
774 2256 823 2315 his
845 2256 955 2333 legatis
974 2256 1127 2315 Commius
1138 2257 1229 2314 Atre·

222 2344 279 2401 bas
307 2343 405 2418 venit,
441 2362 530 2418 quem
559 2362 652 2420 supra
682 2342 965 2402 demonstraveram
995 2363 1013 2401 a
1042 2340 1164 2399 0666616
1198 2341 1230 2398 111

222 2428 413 2487 Britanniam
446 2428 648 2506 praemissum.
700 2428 792 2487 Hunc
825 2428 870 2485 illi
903 2448 919 2487 e
952 2428 1024 2488 navi
1058 2446 1228 2503 egressum,

224 2534 316 2589 quum
340 2513 380 2572 ad
402 2534 454 2573 ecs
484 2514 613 2573 oratoris
641 2514 730 2573 modo
761 2513 892 2572 Gaesaris
918 2514 1063 2572 mandata
1086 2511 1228 2585 deferret,

224 2599 516 2676 comprehenderant
539 2606 629 2675 atque
651 2600 683 2657 in
701 2599 824 2659 vincula
841 2598 1049 2674 conjecerant;
1073 2605 1228 2674 tnmprce-

223 2684 264 2743 lio
287 2684 370 2743 sacto
393 2685 576 2743 remiserunt
599 2692 629 2743 et
650 2685 682 2743 in
703 2684 836 2762 petenda
858 2704 936 2761 pace
958 2683 1024 2759 ejus
1046 2682 1091 2741 rei
1108 2684 1229 2760 culpam
1263 2730 1267 2735 .

222 2769 255 2828 in
275 2769 499 2829 multitudinem
522 2769 719 2845 conjecerunt
735 2777 775 2843 et,
798 2777 923 2846 propter
944 2768 1178 2845 imprudentiam
1195 2775 1230 2825 ut

222 2856 442 2931 ignosceretur,
465 2855 648 2932 petiverunt
704 2853 808 2913 066661
837 2859 977 2928 questus,
1009 2851 1105 2927 quod,
1136 2872 1230 2927 quum

223 2940 304 2999 ultro
326 2940 358 2998 in
381 2940 585 2999 continentem
606 2940 717 3016 legatis
738 2939 841 2996 missis
869 2957 977 3016 pacem
1007 2938 1044 2995 ab
1074 2956 1108 2995 se
1133 2938 1229 3015 petis-

225 3032 307 3099 sent,
336 3025 451 3086 bellum
485 3026 551 3085 sine
579 3044 672 3083 661166
700 3023 892 3098 intulissent,
924 3024 1085 3099 ignoscere
1114 3024 1227 3101 impru-

224 3110 334 3171 dentiae
370 3110 446 3169 dixit
486 3109 669 3185 obsidesque
708 3109 883 3185 imperavit,
924 3128 1052 3184 quorum
1083 3108 1127 3168 illi
1159 3130 1228 3185 par-

224 3202 286 3254 tem
315 3196 419 3255 statim
448 3196 611 3271 dederunt,
646 3201 765 3272 partem
799 3214 836 3252 ex
862 3194 1125 3271 longinquioribus
1152 3194 1229 3253 locis

225 3282 403 3341 arcessitam
425 3282 531 3359 paucis
551 3281 658 3339 diebus
681 3299 750 3339 sese
774 3279 898 3339 daturos
921 3280 1071 3338 dixerunt.
1106 3280 1229 3339 Interea

225 3386 297 3427 suos
330 3368 496 3443 remigrare
529 3367 562 3425 in
590 3385 680 3443 agros
699 3364 868 3443 jussenmt,
898 3366 1113 3443 principesque
1141 3364 1228 3423 undi-

225 3470 284 3526 que
308 3453 469 3511 convenire
492 3459 578 3511 etse
602 3452 803 3527 civitatesque
832 3471 905 3510 suas
932 3450 1048 3510 Caesari
1077 3470 1228 3509 commen-

225 3536 298 3595 dare
322 3544 487 3613 creperunt.

309 3621 467 3682 XXVIII.
513 3622 571 3681 His
587 3624 679 3681 rebus
696 3642 772 3700 pace
792 3620 979 3695 confirmata,
997 3629 1069 3698 post
1081 3620 1161 3679 diem
1171 3620 1227 3694 IV,

228 3728 319 3783 quam
342 3714 389 3767 est
406 3708 437 3765 in
449 3708 639 3767 Britanniam
650 3715 783 3783 ventum,
806 3726 901 3766 naves
912 3706 1038 3781 XVIII,
1062 3706 1100 3764 de
1119 3706 1228 3780 quibus

219 3812 319 3871 ,supra
341 3792 582 3853 demonstratum
615 3800 672 3868 est,
707 3813 774 3868 quae
809 3793 926 3867 equites
959 3792 1157 3866 sustulerant,
1192 3812 1229 3850 ex

226 3878 382 3955 superiore
404 3886 495 3956 portu
516 3878 578 3936 leni
600 3885 690 3937 vento
720 3878 886 3938 solverunt.
939 3876 1015 3947 Quae
1050 3896 1142 3951 quum
1176 3897 1228 3953 ap-

225 3964 466 4041 propinquarent
487 3962 654 4022 Britanniae
678 3971 708 4021 et
730 3982 768 4020 ex
791 3963 900 4021 castris
929 3962 1115 4035 viderentur,
1144 3969 1229 4019 tanta

226 4054 394 4126 tempestas
429 4049 530 4107 subito
566 4055 669 4108 coorta
684 4055 760 4123 est,
794 4054 828 4105 ut
860 4048 944 4105 nulla
973 4066 1076 4105 earum
1105 4066 1229 4106 cursum
