2967 4609
664 360 784 417 LIBER
802 363 840 417 ΙΙ.
1202 372 1243 430 37

204 578 207 585 ’
239 568 287 619 tes
310 557 430 634 insequi
453 558 608 632 auderent,
631 558 752 618 interim
779 557 915 635 legiones
947 578 1010 634 sex,
1040 580 1108 635 quae
1137 560 1243 636 primae

240 652 398 719 venerant,
422 663 514 721 opere
537 643 673 703 dimenso
697 652 798 703 castra
819 644 937 703 munire
961 652 1127 722 coeperunt.
1179 646 1242 705 Ubi

239 732 339 811 prima
360 729 576 806 impedimenta
598 730 695 788 nostri
718 730 871 788 exercitus
895 731 932 788 ab
955 730 1003 805 iis,
1027 730 1078 806 qui
1100 731 1133 788 in
1155 731 1243 791 silvis

241 816 337 875 abditi
359 816 504 890 latebant,
527 816 595 875 visa
618 822 703 890 sunt,
728 814 810 891 quod
831 823 951 893 tempus
979 816 1058 875 inter
1087 836 1140 875 eos
1164 837 1243 875 com-

240 902 381 961 mittendi
414 901 514 978 proelii
547 908 742 981 convenerat,
777 902 821 959 ita
853 909 888 959 ut
920 902 1000 961 intra
1030 901 1124 961 silvas
1148 903 1244 962 aciem
1283 920 1286 924 ’

241 988 423 1063 ordinesque
446 986 668 1045 constituerent
693 993 784 1062 atque
806 987 866 1064 ipsi
889 979 964 1046 sese
981 986 1241 1062 confirmaverant,

241 1074 342 1133 subito
381 1072 519 1131 omnibus
565 1072 660 1149 copiis
703 1072 942 1149 provolaverunt
973 1074 1179 1151 impetumque
1212 1075 1244 1132 in

240 1165 361 1219 nostros
385 1158 502 1233 equites
525 1156 670 1216 feceruut.
726 1158 785 1217 His
815 1157 905 1217 facile
933 1159 1030 1236 pulsis
1061 1180 1096 1218 ac
1124 1166 1243 1237 protur-

239 1245 321 1304 batis
349 1244 520 1302 incredibili
548 1244 703 1302 celeritate
732 1244 772 1303 ad
792 1242 905 1303 flumen
934 1244 1181 1319 decucurrerunt,
1210 1253 1244 1304 ut

239 1350 327 1409 paene
360 1350 420 1388 uno
453 1337 589 1406 tempore
617 1336 648 1387 et
678 1328 717 1387 ad
740 1330 835 1389 silvas
864 1338 895 1389 et
922 1330 954 1388 in
981 1329 1104 1389 flumine
1127 1330 1243 1407 etjam

240 1418 272 1475 in
294 1414 433 1474 manibus
467 1416 580 1473 nostris
614 1416 719 1473 hostes
749 1415 934 1476 viderentur.
990 1416 1107 1475 Eadem
1143 1425 1245 1475 autem

241 1502 398 1561 celeritate
432 1501 562 1561 adverso
598 1501 675 1559 colle
709 1501 749 1560 ad
781 1508 887 1560 nostra
920 1510 1022 1561 castra
1055 1510 1146 1577 atque
1180 1523 1242 1576 ece,

187 1628 191 1635 -
241 1587 292 1663 qui
314 1587 345 1645 in
368 1606 459 1663 opere
482 1587 621 1664 occupati
644 1593 740 1661 erant,
764 1587 994 1646 contenderunt.

326 1671 399 1730 XX.
457 1671 571 1731 Caesari
601 1672 700 1731 omnia
732 1693 792 1731 uno
825 1680 961 1749 tempore
991 1680 1077 1731 erant
1106 1673 1241 1750 agenda:

240 1758 386 1819 vexillum
424 1757 653 1835 proponendum
692 1754 784 1833 [quod
817 1768 883 1817 erat
915 1758 1027 1835 ingine,
1068 1778 1160 1834 quum
1200 1758 1240 1817 ad

241 1864 324 1903 arma
347 1844 486 1907 concurri
509 1841 682 1921 oporteretl,
706 1844 826 1920 signum
848 1845 923 1903 tuba
942 1844 1074 1903 dandum
1092 1846 1129 1902 ab
1150 1864 1241 1921 opere

240 1929 404 1989 revocandi
439 1929 564 2004 milites,
600 1930 650 2004 qui
682 1929 773 2006 paulo
811 1930 932 2006 longius
966 1930 1085 2006 aggeris
1120 1929 1244 2007 petendi

242 2035 334 2075 causa
356 2021 585 2091 processerant,
616 2015 806 2090 arcessendi,
836 2016 916 2073 acies
945 2015 1138 2090 instruenda,
1166 2015 1242 2073 mili-

242 2109 290 2159 tes
315 2101 506 2175 cohortandi,
544 2101 664 2177 signum
693 2099 841 2177 dandum;
876 2121 1003 2177 quarum
1030 2122 1132 2160 rerum
1159 2122 1242 2177 mag-

240 2208 310 2245 nam
342 2196 460 2263 partem
493 2186 638 2264 temporis
671 2187 808 2246 brevitas
841 2194 872 2245 et
910 2207 1072 2246 successus
1111 2188 1243 2245 hostium

239 2268 434 2349 impediebat.
480 2272 538 2331 His
562 2271 793 2331 difficultatibus
817 2272 958 2331 duceres
986 2280 1072 2331 erant
1095 2272 1242 2348 subsidio,
1312 2301 1328 2316 .

241 2358 368 2417 scientia
391 2365 494 2433 atque·
511 2361 586 2417 usus
615 2358 752 2432 militum,
783 2358 863 2433 quod
892 2358 1099 2435 superioribus
1126 2359 1243 2435 proeliis
1351 2401 1353 2405 -

239 2444 405 2518 exercitati,
439 2443 511 2518 quid
538 2442 605 2501 fieri
639 2451 808 2521 oporteret,
847 2463 909 2501 non
946 2444 1046 2501 minus
1087 2444 1243 2502 commode

238 2529 298 2606 ipsi
321 2529 380 2587 sibi
401 2529 612 2606 praescribere,
636 2549 726 2603 quam
749 2529 787 2587 ab
811 2528 878 2586 aliis
903 2528 1003 2587 doceri
1032 2534 1182 2605 poterant,
1213 2536 1243 2587 et

240 2614 322 2690 quod
355 2615 393 2672 ab
428 2634 518 2692 opere
553 2614 741 2689 singulisque
770 2613 942 2692 legionibus
965 2614 1101 2691 singulos
1123 2614 1242 2690 legatos

240 2699 344 2759 Oaesar
367 2699 524 2759 discedere
548 2700 608 2759 nisi
630 2700 755 2759 munitis
767 2700 876 2758 castris
888 2706 1036 2760 vetuerat.
1064 2700 1106 2757 Hi
1117 2707 1242 2777 propter

238 2786 496 2863 propinquitatem
519 2793 550 2845 et
572 2786 757 2845 celeritatem
779 2786 912 2844 hostium
934 2786 1009 2845 nihil
1027 2786 1092 2862 jam
1111 2784 1242 2844 Oaesaris

239 2872 397 2949 imperium
419 2872 630 2949 expectabant,
655 2871 710 2930 sed
732 2892 789 2949 per
811 2891 854 2947 se,
879 2892 946 2947 quae
975 2872 1165 2947 videbantur,
1190 2870 1242 2929 ad-

240 2957 462 3016 ministrabant.

324 3042 416 3101 XXI.
452 3042 556 3102 Caesar
578 3043 760 3102 necessariis
782 3044 874 3101 rebus
896 3043 1052 3119 imperatis
1075 3042 1115 3100 ad
1137 3042 1242 3101 cohor·
1330 3035 1334 3040 ’

239 3128 349 3187 tandos
372 3128 494 3204 milites,
519 3149 609 3204 quam
632 3128 663 3187 in
685 3135 805 3206 partem
826 3128 891 3186 fors
922 3127 1040 3201 obtulit,
1072 3127 1243 3186 decucurrit

241 3220 272 3273 et
294 3214 333 3272 ad
355 3214 508 3291 legionem
531 3214 679 3274 decimam
701 3213 835 3273 devenit.
879 3213 996 3271 Milites
1025 3233 1085 3271 non
1106 3212 1243 3289 longiore

240 3300 376 3358 oratione
400 3300 584 3374 cohortatus,
609 3320 700 3375 quam
721 3300 766 3357 uti
789 3318 852 3357 suae
874 3298 1013 3376 pristinae
1035 3298 1157 3357 virtutis
1180 3319 1242 3357 me-

239 3385 365 3443 moriam
385 3378 552 3445 retinerent
572 3406 633 3444 neu
654 3385 906 3463 perturbarentur
935 3385 1032 3442 animo
1050 3384 1242 3460 hostiumque
1279 3415 1283 3421 -

238 3471 384 3548 impetum
411 3468 532 3530 fortiter
561 3471 763 3544 sustinerent,
792 3470 873 3545 quod
900 3490 961 3529 non
988 3469 1108 3547 longius
1137 3470 1242 3529 hostes

240 3556 376 3631 aberant,
400 3578 490 3632 quam
513 3578 572 3633 quo
594 3558 689 3616 telum
712 3555 804 3631 adjici
826 3564 947 3633 posset,
977 3556 1077 3632 proelii
1107 3557 1241 3615 commit-

239 3642 323 3701 tendi
347 3642 466 3719 signum
489 3643 583 3702 dedit.
628 3642 731 3718 Atque
754 3641 795 3703 in,
809 3642 936 3701 alteram
958 3649 1076 3719 partem
1098 3641 1170 3700 item
1192 3662 1241 3699 co-

238 3728 380 3787 hortandi
403 3748 495 3788 causa
517 3728 673 3806 proiectus
696 3728 904 3805 pugnantibus
927 3728 1068 3786 occurrit.
1113 3726 1240 3803 Tempo-

237 3814 280 3871 ris
303 3820 390 3872 tanta
412 3813 470 3873 fuit
492 3814 643 3891 exiguitas
666 3814 858 3889 hostiumque
886 3820 949 3871 tam
977 3820 1102 3890 paratus
1130 3809 1169 3872 ad
1196 3810 1240 3868 di-

238 3898 411 3958 micandum
434 3901 563 3976 animus,
587 3908 705 3959 utnon
727 3899 816 3974 quo
848 3897 887 3956 ad
913 3898 1046 3974 insignia
1073 3916 1240 3955 accommo-

239 3984 348 4060 danda,
380 3986 433 4044 sed
462 3988 554 4045 etiam
573 3985 612 4044 ed
635 3986 740 4062 galeas
770 3984 958 4043 inducendas
987 3982 1142 4055 scutisque
1164 3983 1240 4059 tegi-

238 4078 341 4129 menta
364 4071 551 4131 detrahenda
578 4079 699 4149 tempus
729 4069 870 4129 defuerit.
924 4068 1021 4139 Quam
1051 4068 1180 4143 quisque
1202 4069 1240 4127 ab
