2967 4609
278 330 339 388 154
578 321 631 375 DE
649 321 776 376 BELLO
796 321 964 377 GALLIOO

276 538 400 579 suorum
428 518 544 577 animos
573 515 799 577 confirmabant.
846 517 934 589 Quod
960 518 993 577 in
1021 524 1187 595 conspectu
1215 536 1277 576 om-

275 605 359 664 nium
380 623 430 663 res
451 603 615 680 gerebatur
637 622 734 678 neque
757 611 840 663 recte
863 611 916 662 aut
937 604 1067 682 turpiter
1089 601 1205 662 factum
1228 621 1277 662 ce-

276 690 334 749 lari
355 696 485 767 poterat,
507 695 652 764 utrosque
664 695 707 752 et
727 689 827 748 laudis
847 689 998 767 cupiditas
1017 695 1048 749 et
1074 689 1165 748 timor
1192 689 1279 766 igno·

276 775 376 834 miniae
409 773 450 834 ad
482 773 625 834 virtutem
659 775 820 834 excitabat.
868 775 966 847 Quum
995 774 1159 834 ameridie
1181 793 1278 852 prope

277 860 314 920 sd
347 861 421 920 solis
454 879 596 919 occasum
630 860 722 919 dubia
748 861 876 921 victoria
904 869 1102 938 pugnaretur,
1134 859 1278 920 Germani

277 966 338 1006 una
358 947 390 1006 in
411 953 499 1024 parte
528 944 674 1005 confertis
702 947 811 1006 turmis
839 947 871 1006 in
898 947 1003 1006 hostes
1030 947 1175 1023 impetum
1197 945 1278 1006 fece-

276 1040 348 1091 rrmt
370 1051 482 1108 eosque
503 1031 717 1109 propulerrmt;
753 1033 862 1107 quibus
884 1033 916 1091 in
933 1032 1038 1110 fugam
1060 1031 1206 1108 conjectis
1230 1051 1279 1090 sa-

277 1118 393 1196 gittarii
416 1118 615 1177 circumventi
642 1117 855 1194 interfectique
884 1125 963 1177 sunt.
998 1118 1078 1178 Item
1095 1138 1133 1176 ex
1150 1117 1278 1194 reliquis

277 1204 416 1282 partibus
438 1203 545 1284 nostri,
569 1203 712 1262 cedentes
740 1223 838 1280 usque
867 1204 906 1264 ad
934 1212 1037 1264 castra
1063 1204 1201 1278 insecuti,
1231 1203 1280 1262 sui

278 1289 441 1367 colligendi
463 1288 640 1348 facultatem
661 1309 722 1348 non
745 1289 902 1349 dederunt.
952 1290 995 1349 At
1017 1291 1047 1365 ii,
1071 1290 1123 1366 qui
1146 1291 1183 1348 ab
1206 1289 1280 1348 Ale·

279 1375 324 1434 sia
345 1380 568 1453 processerant,
591 1375 691 1434 maesti
717 1395 813 1453 prope
842 1375 970 1436 victoria
999 1376 1163 1453 desperata
1192 1393 1225 1434 se
1248 1375 1280 1433 in

279 1461 424 1539 oppidum
446 1466 635 1539 receperunt.

364 1546 516 1606 LXXXI.
550 1546 619 1605 Uno
643 1545 692 1605 die
713 1546 887 1608 intermisso
900 1546 990 1621 Galli,
1014 1553 1105 1624 atque
1126 1547 1184 1605 boc
1206 1565 1276 1624 spa-

209 1708 211 1713 ·
279 1633 322 1690 tio
346 1652 455 1709 magno
478 1631 615 1708 cratium,
639 1632 800 1707 scalarum,
834 1633 1042 1710 harpagonum
1074 1652 1198 1692 numero
1232 1631 1277 1690 ef-

278 1717 370 1793 fecto,
392 1717 493 1778 media
513 1726 603 1777 nocte
626 1718 746 1777 silentio
775 1737 812 1777 ex
839 1719 949 1778 castris
984 1719 1102 1796 egressi
1136 1718 1174 1778 ad
1197 1737 1277 1776 cam-

278 1813 402 1882 pestres
430 1803 612 1863 munitiones
635 1804 794 1863 accedunt.
840 1804 946 1864 Subito
982 1805 1111 1864 clamore
1144 1804 1277 1878 sublate,

281 1910 341 1965 qua
363 1888 592 1967 significatione,
615 1890 667 1966 qui
699 1891 731 1948 in
764 1889 874 1968 oppido
904 1889 1131 1965 obsidebantur,
1160 1890 1198 1948 de
1222 1909 1278 1948 suo

281 1977 415 2036 adventu
448 1995 632 2053 cognoscere
664 1983 801 2053 possent,
822 1982 935 2034 ⁴craten
969 1975 1128 2054 projicere,
1164 1974 1279 2047 fundis,

280 2063 410 2138 sagittis,
433 2061 586 2139 lapidibus
608 2068 730 2120 nostros
759 2061 798 2120 de
828 2061 910 2121 vallo
940 2063 1121 2140 proturbare
1148 2061 1279 2137 reliqua-

281 2168 348 2224 que,
384 2151 462 2229 quae'
488 2146 527 2206 ad
560 2147 817 2225 oppugnationem
849 2147 1011 2224 pertinent,
1045 2153 1155 2225 parant
1186 2147 1280 2208 admi-

278 2233 422 2293 nistrare.
467 2233 584 2291 Eodem
611 2240 748 2311 tempore
777 2233 908 2291 clamore
942 2233 1084 2293 exaudito
1119 2233 1173 2292 dat
1204 2233 1279 2292 tuba

280 2320 401 2396 signum
423 2319 486 2378 suis
509 2318 741 2396 Vercingetorix
764 2324 856 2394 atque
879 2338 916 2378 ex
939 2319 1049 2396 oppido
1073 2319 1183 2380 educit.
1214 2318 1276 2378 No-

280 2407 345 2480 stri,
379 2412 414 2463 ut
453 2405 662 2482 superioribus
697 2405 804 2464 diebus
839 2423 913 2464 suus
949 2406 1059 2482 cuique
1093 2411 1159 2464 erat
1190 2406 1277 2464 locus

280 2492 455 2565 attributus,
490 2490 529 2549 ad
562 2491 745 2550 munitiones
780 2489 945 2564 accedunt3
979 2489 1092 2566 frmdis,
1127 2491 1277 2550 librilibus

280 2576 478 2653 sudibusque,
502 2597 579 2652 quas
607 2578 639 2636 in
669 2597 761 2654 opere
791 2576 1020 2654 disposuerant,
1051 2596 1086 2636 ao
1115 2575 1278 2653 glandibus

282 2662 388 2722 Gallos
417 2669 600 2740 proterrent.
650 2663 821 2740 Prospectu
848 2662 983 2721 tenebris
1012 2662 1153 2740 adempto
1182 2662 1278 2721 multa

279 2749 421 2824 utrinque
450 2747 578 2807 vulnera
611 2747 808 2826 accipiuntur,
839 2748 992 2826 complura
1025 2747 1182 2807 tormentis
1216 2747 1278 2807 tela

280 2832 490 2909 conjiciuntur.
544 2834 588 2892 At
608 2834 650 2892 M.
673 2834 825 2892 Antonius
859 2841 891 2892 et
919 2833 955 2892 G.
984 2834 1152 2892 Trebonius
1174 2833 1277 2911 legati,

280 2920 390 2995 quibus
413 2938 457 2977 eae
478 2926 583 2996 partes
616 2913 661 2977 ad'
683 2917 908 2978 defendendum
930 2920 1127 2994 obvenerant,
1158 2939 1218 2995 qua
1240 2938 1278 2978 ex

278 3012 367 3083 parte
388 3012 510 3064 nostros
532 3005 628 3082 premi
650 3004 872 3079 intellexerant,
896 3005 934 3064 iis
958 3005 1069 3064 auxilio
1092 3025 1129 3064 ex
1151 3004 1278 3064 ulterio-

279 3092 365 3151 ribus
389 3091 522 3152 castellis
545 3083 692 3150 deductos
716 3091 954 3150 summittebant.

364 3177 534 3237 LXXXII.
568 3177 650 3235 Dum
667 3176 788 3254 longius
806 3177 843 3235 ab
860 3177 1026 3236 munitione
1043 3177 1170 3235 aberant
1183 3175 1274 3250 Galli,

279 3263 349 3340 plus
371 3263 564 3323 multitudine
585 3263 716 3322 telorum
741 3261 956 3340 proficiebant;
971 3321 973 3325 ,
986 3269 1186 3340 posteaquam
1207 3281 1278 3340 pro·

279 3349 349 3427 pius
371 3355 594 3424 successerunt,
629 3354 682 3406 aut
714 3368 749 3407 se
779 3349 838 3426 ipsi
862 3347 992 3407 stimulis
1014 3347 1205 3426 inopinantes
1233 3347 1278 3405 in·

231 3456 236 3469 ·
280 3434 414 3495 duebant
436 3435 542 3494 autin
565 3434 689 3493 scrobes
712 3433 831 3511 delapsi
853 3432 1136 3493 transfodiebantur
1165 3439 1218 3492 aut
1240 3451 1278 3491 ex

279 3519 360 3579 vallo
394 3541 429 3580 ac
461 3521 597 3580 turribus
638 3519 760 3596 trajecti
795 3519 865 3597 pilis
900 3519 1066 3578 muralibus
1101 3518 1275 3577 interibant.

279 3605 385 3664 Multis
407 3605 541 3682 undique
563 3605 740 3666 vulneribus
764 3605 898 3682 acceptis
920 3605 1004 3664 nulla
1026 3604 1192 3663 munitione
1210 3623 1278 3682 per·

280 3698 379 3769 rupta,
403 3711 495 3768 quum
516 3691 569 3749 lux
591 3697 758 3768 appeteret,
782 3691 886 3764 veriti,
915 3711 954 3750 ne
983 3692 1020 3750 ab
1049 3691 1144 3749 latere
1173 3696 1277 3768 aperto

280 3795 318 3835 ex
351 3773 557 3856 superioribus
590 3776 699 3836 castris
729 3776 886 3854 eruptione
920 3775 1216 3850 circumvenirenttu,
1246 3794 1279 3834 se

280 3862 319 3921 ad
342 3884 413 3924 suos
435 3868 624 3940 receperunt.
668 3861 712 3920 At
733 3861 894 3921 interiores
917 3861 988 3922 dum
1011 3881 1055 3933 ea,
1080 3880 1148 3936 quae
1172 3860 1277 3920 aVer-

279 3949 464 4027 cingetorige
497 3947 537 4006 ad
569 3946 757 4025 eruptionem
789 3954 963 4025 praeparata
985 3953 1080 4021 erant,
1103 3944 1274 4023 proferunt,

279 4035 396 4112 priores
428 4033 530 4093 fossas
563 4031 695 4110 explent,
730 4032 845 4091 diutius
878 4033 909 4091 in
942 4033 990 4092 his
1023 4033 1114 4092 rebus
1146 4031 1274 4091 admini-
