2967 4609
575 343 695 400 LIBER
712 345 794 401 VIII.
1141 357 1199 416 161

197 560 317 619 gasque
338 541 536 618 praestabant,
559 538 765 617 finitimasque
793 539 841 600 his
864 541 1004 602 civitates
1027 542 1105 604 duce
1129 543 1201 604 (lor-

200 647 255 687 reo
281 625 446 686 Bellovaco
480 632 511 685 et
545 625 679 686 Commio
712 626 861 686 Atrebate
895 628 1047 688 exercitus
1082 649 1202 708 compa-

200 732 269 772 rare
290 718 383 788 atque
404 712 437 771 in
458 732 551 771 unum
572 712 673 771 locum
696 731 814 790 cogere,
844 719 878 771 ut
900 713 981 772 omni
1008 714 1201 776 multitudine

199 799 233 858 in
265 797 342 858 fines
365 797 573 874 Suessionum,
608 797 660 873 qui
680 798 786 858 Remis
820 805 907 858 erant
941 800 1089 876 attributi,
1120 800 1202 860 face·

200 892 271 943 rent
308 884 553 961 impressionem,
586 884 737 961 pertinere
778 891 879 946 autem
917 905 978 944 non
1010 892 1128 946 tautum
1163 886 1202 946 ad

201 969 390 1048 dignitatem,
414 969 583 1029 sedetiam
612 969 652 1029 ad
679 969 810 1030 salutem
841 989 928 1030 suam
953 970 1109 1048 judicaret
1136 973 1202 1032 nul-

200 1057 263 1116 lam
285 1056 487 1116 calamitatem
520 1055 620 1114 socios
654 1056 767 1133 optime
801 1056 839 1116 de
871 1057 1050 1134 republica
1077 1059 1201 1118 meritos

201 1143 349 1221 accipere,
371 1140 522 1219 legionem
544 1160 581 1200 ex
612 1140 748 1201 hibernis
780 1150 889 1202 evocat
920 1162 1027 1202 rursus
1054 1143 1125 1219 XL,
1154 1144 1202 1203 lit-

200 1236 284 1288 teras
306 1234 407 1287 autem
429 1226 468 1286 ad
491 1225 529 1286 G.
551 1225 681 1286 Fabium
709 1228 812 1304 mittit,
845 1234 880 1287 ut
910 1228 941 1286 in
962 1227 1039 1288 fines
1062 1228 1199 1289 Suessio-

200 1335 274 1374 num
295 1314 431 1390 legiones
453 1311 498 1387 Π,
527 1330 603 1388 quas
632 1312 780 1391 habebat,
810 1313 984 1389 adduceret,
1014 1315 1201 1392 alteramque

200 1422 240 1460 ex
273 1400 391 1459 duabus
427 1399 464 1458 ab
487 1398 522 1456 Τ.
546 1398 682 1457 Labieno
716 1400 854 1460 arcessit.
906 1401 965 1475 Ita,
990 1407 1136 1476 quantum
1157 1401 1201 1460 hi·

200 1488 364 1546 bernorum
395 1483 606 1563 opportunitas
639 1484 773 1560 bellique
800 1486 877 1546 ratio
908 1486 1099 1564 postulabat,
1133 1507 1202 1565 per-

199 1579 293 1650 petuo
334 1590 389 1630 suo
427 1571 531 1643 labore
569 1569 601 1627 in
633 1569 732 1629 vicem
771 1570 941 1648 legionibus
975 1572 1202 1650 expeditionum

200 1677 279 1718 onus
300 1656 489 1734 injungebat.

286 1742 361 1803 VII.
405 1741 464 1800 His
487 1739 581 1818 copiis
604 1741 719 1800 coactis
742 1742 782 1801 ad
793 1741 975 1803 Bellovacos
996 1741 1201 1820 proficiscitur

201 1829 373 1904 castrisque
390 1828 422 1886 in
449 1846 554 1886 eorum
581 1824 693 1886 finibus
709 1828 820 1905 positis
848 1828 982 1904 equitum
1010 1836 1126 1888 turmas
1156 1828 1200 1887 di·

199 1915 295 1976 mittit
315 1915 348 1974 in
370 1931 474 1973 omnes
497 1919 602 1991 partes
624 1913 663 1972 ed
686 1913 803 1989 aliquos
835 1913 1045 1992 excipiendos,
1077 1935 1114 1974 ex
1137 1915 1208 1991 qui-'

198 2004 260 2062 bus
282 2001 415 2060 hostium
437 1997 563 2057 consilia
584 2007 790 2076 cognosceret.
835 2000 964 2076 Equites
986 1999 1086 2070 officio
1104 2000 1203 2060 functi

199 2087 376 2148 renuntiant
396 2103 512 2164 paucos
535 2083 567 2142 in
589 2083 726 2144 adificiis
749 2105 818 2146 esse
846 2087 998 2162 inventos,
1022 2097 1113 2163 atque
1135 2086 1202 2162 hos,

198 2193 262 2233 non
283 2173 336 2249 qui
358 2190 500 2249 agrorum
522 2169 717 2229 colendorum
738 2191 831 2232 causa
857 2173 1076 2232 remansissent
1107 2171 1201 2244 (nam-

200 2278 261 2337 que
283 2277 351 2317 esse
372 2255 506 2332 undique
528 2254 690 2333 diligenter
713 2257 936 2335 demigratum),
968 2258 1022 2317 sed
1053 2258 1104 2334 qui
1133 2277 1201 2336 spe·

201 2343 324 2404 colandi
345 2363 439 2402 causa
461 2349 565 2400 essent
586 2342 715 2401 remissi.
766 2343 795 2401 A
826 2344 936 2418 quibus
965 2363 1057 2418 quum
1085 2363 1201 2418 quaere·

198 2437 249 2490 ret
287 2429 407 2502 Oaesar,
449 2447 507 2503 quo
541 2427 607 2486 loco
646 2428 807 2486 multitudo
847 2435 930 2488 esset
969 2428 1202 2488 Bellovacorum

200 2515 320 2593 quodve
354 2520 439 2574 esset
471 2512 630 2571 consilium
662 2533 777 2588 eorum,
811 2514 986 2577 inveniebat
1018 2513 1200 2574 Bellovacos

199 2621 316 2677 omnes,
339 2601 392 2676 qui
414 2619 498 2658 arma
525 2597 606 2658 ferre
633 2606 776 2677 possent,
810 2599 841 2658 in
874 2619 967 2658 unum
999 2600 1099 2658 locum
1132 2619 1202 2660 con-

199 2687 332 2762 venisse,
366 2687 499 2761 itemque
525 2683 703 2761 Ambianos,
737 2685 897 2761 Aulercos,
933 2685 1070 2762 Caletos,
1100 2685 1201 2747 Velio-

202 2791 323 2846 casses,
361 2771 546 2844 Atrebatas;
585 2771 686 2829 locum
725 2772 834 2832 castris
868 2771 1022 2831 excelsum
1055 2771 1087 2830 in
1125 2772 1204 2832 silva

200 2858 388 2929 circumdata
425 2856 539 2935 palude
580 2855 745 2934 delegisse;
787 2857 1003 2935 impedimenta
1036 2857 1136 2916 omnia
1170 2858 1201 2916 in

199 2945 360 3004 ulteriores
394 2942 488 3002 silvas
522 2941 702 3016 contulisse;
743 2944 913 3021 complures
947 2962 1015 3002 esse
1048 2944 1201 3022 principes

199 3030 274 3090 belli
296 3035 446 3104 auctores,
470 3027 527 3088 sed
547 3028 772 3088 multitudinem
793 3029 921 3088 maxime
946 3028 1056 3088 Correo
1087 3030 1202 3088 obtem-

199 3136 319 3195 perare,
353 3113 434 3191 quod
467 3114 495 3172 ei
517 3133 632 3173 summo
666 3133 734 3173 esse
769 3113 838 3174 odio
870 3134 981 3174 nomen
1012 3114 1118 3192 populi
1140 3115 1201 3173 Ro·

200 3202 285 3262 mani
311 3199 547 3274 intellexissent3
576 3201 682 3277 paucis
716 3207 787 3260 ante
815 3199 922 3260 diebus
955 3220 993 3258 ex
1021 3200 1069 3259 his
1092 3200 1202 3258 castris

199 3288 383 3348 Atrebatem
406 3285 573 3345 Commium
585 3285 765 3345 discessisse
789 3285 828 3346 ad
851 3285 962 3344 auxilia
982 3284 1202 3345 Germanorum

200 3372 390 3448 adducenda,
413 3390 542 3447 quorum
563 3378 594 3431 et
614 3371 757 3433 vicinitas
777 3372 948 3451 propinqua
976 3378 1008 3430 et
1039 3371 1201 3430 multitudo

202 3466 286 3520 esset
319 3457 450 3531 infinita3
491 3457 687 3528 constituisse
720 3465 821 3518 autem
852 3457 1035 3517 Bellovacos
1070 3458 1201 3516 omnium

200 3545 372 3624 principum
395 3560 556 3619 consensu,
580 3563 697 3602 summa
717 3543 817 3622 plebis
840 3543 1015 3620 cupiditate,
1039 3543 1076 3618 si,
1099 3549 1134 3602 ut
1157 3543 1200 3602 di-

201 3638 333 3706 oeretm,
357 3629 462 3689 Caesar
495 3649 563 3689 cum
595 3630 694 3688 tribus
727 3629 898 3706 legionibus
932 3629 1060 3703 veniret,
1091 3627 1202 3688 offerre

201 3737 237 3778 se
260 3716 300 3776 ad
320 3713 534 3791 dimicandum,
556 3734 595 3774 ne
616 3715 772 3775 miseriore
794 3735 829 3774 ac
853 3713 973 3774 duriore
993 3721 1103 3793 postea
1132 3734 1202 3773 con-

201 3802 321 3862 dicione
344 3821 413 3860 cum
433 3807 498 3860 toto
522 3801 658 3860 exercitu
680 3800 836 3861 decertare
865 3807 1060 3877 cogerentur,
1091 3799 1118 3858 si
1139 3820 1201 3859 ma·

197 3888 285 3966 joras
318 3888 423 3967 copias
456 3885 632 3961 adduceret,
666 3885 697 3945 in
730 3907 765 3946 eo
794 3885 860 3945 loco
889 3904 1081 3964 permanere,
1114 3905 1203 3961 quem

202 3973 405 4051 delegissent;
428 3972 623 4050 pabulatione
646 3980 757 4048 autem,
781 3992 847 4048 quae
877 3977 1002 4050 propter
1030 3970 1098 4029 anni
1127 3978 1203 4030 tem-

1001 4067 1033 4119 11
