2967 4609
36 4000 39 4027 l

39 4229 54 4308 i

257 330 277 387 3
510 295 512 301 ’
568 320 622 375 nn
639 319 767 375 annno
786 318 964 375 GALHGO.

247 523 385 577 nostrum
419 515 548 593 primum
580 534 641 574 non
674 514 803 592 emplius
839 515 938 591 quinis
969 522 1022 575 aut
1049 515 1131 575 senis
1159 516 1283 577 milibus

248 620 395 681 passuum
417 602 590 660 interesset.

333 686 423 746 XVI.
474 685 601 745 Interim
630 684 766 761 qnotidie
790 684 894 745 Caesar
922 684 1059 745 Haeduos
1088 685 1282 761 frumentum,

249 772 331 848 quod
369 779 474 831 essent
511 771 633 849 publice
672 769 816 847 polliciti,
856 768 995 847 flagitare
1002 790 1009 845 ;
1049 791 1119 831 nam
1157 778 1282 850 propter

248 857 371 936 frigora,
401 857 482 933 quod
506 856 606 917 Gallia
628 856 686 915 sub
709 856 978 934 septentrionibus,
1007 863 1042 915 ut
1069 863 1139 916 ante
1168 858 1282 917 dictum

249 950 306 1019 est,
340 942 441 1021 posita
475 950 537 1018 est,
578 962 639 1001 non
677 940 767 1001 modo
801 939 952 1001 frumenta
984 943 1016 1001 in
1049 943 1132 1019 agris
1163 950 1283 1003 matina
1374 996 1385 1036 ..

248 1048 308 1089 non
343 1036 444 1103 erant,
485 1028 541 1088 sed
573 1046 612 1086 ne
644 1026 750 1107 pabuli
785 1026 907 1102 quidem
942 1028 1017 1087 satis
1050 1048 1161 1105 magne
1195 1029 1284 1107 copia

249 1114 448 1193 suppetebat;
494 1133 528 1173 eo
564 1119 664 1172 autem
703 1110 869 1188 frumento,
910 1112 991 1189 quod
1030 1111 1152 1173 flumine
1184 1113 1286 1173 Arare

159 1246 162 1253 .
248 1198 378 1260 navibus
413 1200 606 1273 subvexerat,
641 1206 805 1276 propterea
832 1199 877 1257 uti
905 1199 1005 1258 minus
1035 1206 1165 1276 poterat,
1200 1199 1283 1276 quod

248 1285 307 1345 iter
341 1286 379 1344 ab
412 1284 511 1344 Arare
543 1284 678 1345 Helvetii
712 1289 895 1359 averterant,
930 1305 948 1343 a
982 1284 1091 1360 quibus
1125 1283 1282 1345 discedere

248 1369 380 1429 nolebat.
430 1369 519 1429 Diem
542 1389 579 1429 ex
602 1369 651 1429 die
680 1368 791 1429 ducere
813 1368 939 1444 Haedui3
976 1368 1117 1447 conferri,
1146 1390 1282 1448 compor-

245 1455 318 1530 tari,
353 1454 462 1514 adesse
496 1455 607 1515 dicere.
658 1454 719 1514 Ubi
753 1474 786 1515 se
820 1455 934 1514 diutius
969 1456 1038 1514 duci
1072 1456 1221 1515 intellexit
1251 1462 1283 1515 et

250 1540 329 1600 diem
356 1540 481 1615 instare,
516 1560 575 1618 quo
604 1538 653 1599 die
682 1538 866 1600 frumentum
893 1541 1040 1600 militibus
1067 1541 1166 1601 metiri
1195 1560 1282 1618 opor-

249 1633 344 1701 teret,
385 1626 560 1686 convocatis
603 1645 706 1685 eorum
738 1626 943 1704 principibus,
983 1646 1110 1702 quorum
1142 1647 1284 1704 magnam

252 1712 369 1790 copiam
401 1712 432 1770 in
467 1711 577 1771 castris
610 1712 753 1787 habebat,
787 1712 818 1771 in
851 1712 899 1771 his
931 1712 1086 1773 Divitiaoc
1120 1720 1151 1772 et
1180 1712 1282 1786 Lisco,

250 1797 301 1873 qui
346 1816 462 1857 summo
506 1797 697 1875 magistratui
740 1803 873 1875 praeerat
916 1798 1017 1875 (quem
1060 1798 1283 1875 Vergobretum

250 1882 406 1961 appellant
432 1881 560 1958 Haedui,
596 1883 647 1959 qui
682 1889 803 1942 creetur
832 1903 950 1943 annuus
978 1890 1009 1941 et
1035 1883 1108 1942 vitae
1136 1884 1282 1959 necisque

249 1968 280 2026 in
311 1986 383 2027 suos
411 1968 505 2028 habet
531 1967 736 2046 potestatem),
770 1968 905 2045 graviter
939 1988 992 2028 eos
1020 1973 1155 2042 accuset,
1190 1968 1280 2044 quod,

250 2072 342 2129 quum
374 2072 473 2129 neque
507 2052 564 2112 omi
594 2072 693 2130 neque
716 2072 754 2113 ex
777 2054 859 2131 agris
888 2055 966 2113 sumi
992 2054 1100 2131 possit,
1134 2061 1197 2113 tam
1229 2072 1282 2112 ne-

250 2138 384 2197 cessario
416 2146 562 2215 tempore,
597 2146 659 2198 tam
692 2139 871 2218 propinquis
904 2139 1055 2215 hostibus,
1090 2140 1127 2198 ab
1156 2139 1194 2198 iis
1221 2158 1281 2198 non

249 2223 441 2298 sublevetur;
486 2225 657 2301 praesertim
697 2245 790 2300 quum
827 2246 938 2302 magna
977 2244 1014 2284 ex
1053 2232 1141 2302 parte
1180 2244 1282 2284 eorum

248 2310 392 2388 precibus
426 2308 576 2369 adductus
609 2310 723 2369 bellum
751 2311 931 2389 susceperit,
965 2309 1059 2369 multo
1089 2311 1180 2370 etiam
1212 2330 1281 2387 gra-

251 2394 331 2470 vius,
356 2394 436 2471 quod
460 2394 501 2453 sit
523 2394 698 2470 destitutus,
723 2396 868 2471 queritur.

334 2480 441 2540 XVII.
487 2480 564 2540 Tum
582 2480 703 2541 demum
719 2482 831 2541 Liscus
854 2481 990 2541 oratione
1014 2480 1145 2540 Oaescris
1169 2480 1281 2539 adduc-

248 2572 312 2640 tus,
354 2565 435 2641 quod
475 2572 565 2626 antea
598 2573 753 2642 tacuerat,
793 2568 951 2646 proponit:
997 2568 1076 2627 Esse
1109 2566 1280 2639 nonnullos,

248 2669 375 2726 quorum
414 2651 580 2711 auctoritas
614 2651 695 2731 apud
727 2652 849 2730 plebem
881 2653 1042 2730 plurimum
1075 2652 1191 2726 valeat,
1230 2650 1281 2727 qui

247 2736 359 2813 privati
386 2736 455 2815 plus
483 2738 613 2814 possint,
642 2756 732 2813 quam
759 2737 819 2814 ipsi
847 2736 1054 2813 magistratus.
1110 2735 1177 2794 Hos
1201 2735 1280 2794 sedi-

247 2822 327 2881 tiose
355 2826 446 2897 atque
473 2822 611 2901 improba
640 2822 776 2882 oratione
803 2821 1026 2881 multitudinem
1048 2820 1212 2895 deterrere,
1243 2841 1281 2880 ne

247 2904 431 2967 {rumentum
464 2907 631 2983 conferant,
666 2906 748 2983 quod
781 2907 927 2980 debeant,
966 2913 1124 2984 praestare,
1159 2906 1186 2966 si
1215 2905 1281 2982 jam

246 2992 449 3071 principatam
472 2992 581 3052 Galbae
610 2992 747 3053 obtinere
769 3012 830 3051 non
851 2992 998 3070 possint,
1012 2991 1167 3051 Gallorum
1190 3010 1280 3066 quam

246 3076 452 3137 Romanorum
480 3078 607 3155 imperia
633 3075 786 3155 perterre3
820 3097 919 3153 neque
947 3076 1102 3152 dubitare,
1137 3076 1218 3153 quin,
1253 3077 1280 3137 si

246 3163 408 3224 Helvetios
441 3161 654 3242 superaverint
682 3161 822 3238 Romani,
862 3183 923 3223 una
951 3183 1019 3222 cum
1040 3157 1158 3239 relique
1180 3162 1280 3222 Gallia

246 3248 375 3309 Haeduis
402 3249 574 3308 libertatern
590 3248 659 3308 'sint
682 3249 824 3326 erepturi.
873 3249 923 3308 Ab
951 3249 1060 3309 iisdem
1081 3255 1188 3308 nostra
1210 3268 1280 3307 con-

248 3334 333 3410 silia,
374 3353 503 3411 quaeque
535 3333 566 3395 in
602 3334 712 3394 castris
746 3342 906 3412 gerantur,
940 3335 1080 3397 hostibus
1114 3333 1278 3408 enuntiari;

246 3418 303 3478 bos
326 3439 343 3478 a
366 3438 400 3478 se
423 3420 556 3479 coerceri
584 3440 644 3479 non
673 3439 775 3497 posse.
832 3420 1036 3496 Quinetiam,
1071 3419 1152 3495 quod
1173 3438 1279 3478 neces-

246 3504 328 3564 sario
345 3524 410 3564 rem
428 3512 551 3565 coactus
570 3504 685 3565 Caesari
697 3506 871 3581 enuntiarit,
888 3504 1058 3581 intelligere
1070 3524 1148 3580 sese,
1167 3511 1280 3580 quanto

246 3589 278 3649 id
306 3608 375 3649 cum
402 3590 537 3667 periculo
566 3590 682 3666 fecerit,
718 3598 749 3650 et
777 3592 815 3650 ob
845 3610 912 3649 eam
939 3610 1072 3665 causam,
1107 3610 1198 3665 quarn
1228 3589 1280 3648 diu

248 3675 392 3754 potuerit,
414 3676 557 3735 tacuisse.
992 3750 996 3755 .

331 3758 457 3820 XVIII.
522 3759 626 3820 Caesar
665 3760 722 3819 hac
762 3759 898 3819 oratione
932 3759 1016 3819 Lisci
1049 3760 1278 3837 Dumnorigem,

245 3845 392 3907 Divitiaci
419 3844 554 3921 fratrem,
589 3844 742 3922 designari
776 3845 928 3905 sentiebat
935 3865 942 3919 3
978 3845 1042 3921 sed,
1078 3845 1160 3923 qnod
1186 3845 1280 3924 pluri·

244 3931 304 3989 bus
337 3930 542 4009 praesentibus
576 3948 628 3989 eas
655 3948 705 3989 res
731 3929 845 4007 jactari
871 3930 1004 4011 nolebat,
1039 3931 1178 3991 celeriter
1209 3950 1280 3990 con·

247 4015 348 4075 cilium
388 4014 526 4091 dimittit,
567 4014 692 4073 Liscum
729 4016 854 4091 retinet3
901 4016 1010 4092 quaerit
1050 4036 1086 4075 ex
1127 4016 1191 4075 solo
1232 4035 1279 4090 ea,
