2967 4609
635 366 796 449 LIBERI.
911 446 914 449 ἡ
1194 378 1231 435 11

197 561 278 635 dius,
314 562 366 637 qui
398 560 443 619 rei
476 560 616 619 militaris
644 561 848 639 peritissimus
877 561 1048 620 habebatur
1076 564 1233 624 6116611-

195 647 294 705 ercitu
316 648 351 705 L.
377 645 470 705 Sullae
493 652 524 703 61
551 654 661 724 postea
681 647 713 705 in
741 647 783 710 M.
808 645 912 705 Crassi
938 646 1050 723 fuerat,
1085 668 1154 708 cum
1183 669 1233 709 ex·
1328 691 1334 705 .

197 732 404 810 ploratoribus
426 730 632 809 praemittitur.
700 776 701 779 .

282 818 392 876 XXII.
443 816 546 876 Prima
573 816 642 877 luce
671 836 765 893 quum
791 836 929 876 summus
957 837 1045 877 mons
1074 820 1149 878 aT.
1174 820 1233 880 La·

197 903 287 961 bieno
311 903 495 977 teneretur,
534 902 601 981 ipse
635 905 673 963 ab
707 902 841 961 hostium
875 902 984 962 castris
1017 923 1079 963 666
1112 905 1233 982 longius

195 988 278 1047 mille
313 996 343 1047 et
377 982 550 1064 quingentis
580 989 723 1066 passibus
753 989 886 1063 abesset,
906 1008 1028 1064 neque,
1062 996 1097 1047 ut
1125 998 1235 1067 postea

197 1093 235 1131 ex
263 1074 392 1150 captivis
427 1074 584 1150 comperit,
622 1081 674 1133 661
706 1074 804 1152 ipsius
837 1074 988 1134 adventus
1022 1082 1075 1134 aut
1104 1075 1233 1135 Labieni

196 1158 337 1235 cognitus
367 1165 458 1232 esset,
495 1157 656 1218 Considius
691 1174 768 1233 equo
799 1159 933 1218 admisso
962 1159 1002 1219 ad
1031 1180 1100 1219 eum
1128 1180 1232 1221 accur-

195 1243 250 1317 rit;
267 1292 271 1297 .
286 1243 359 1303 dicit
392 1250 535 1317 montem,
569 1264 660 1320 quem
694 1261 712 1303 a
745 1244 881 1303 Labieno
916 1246 1058 1322 occupari
1090 1247 1231 1321 voluerit,

195 1330 234 1387 ab
265 1330 405 1387 hostibus
434 1330 545 1403 teneri,
581 1330 613 1387 id
645 1349 679 1389 se
709 1330 835 1389 Gallicis
865 1332 957 1389 armis
986 1338 1078 1407 atque
1105 1332 1232 1409 insigni-

194 1415 254 1472 bus
283 1414 473 1491 ccgnovisse.
530 1414 634 1475 066661
667 1432 740 1475 suas
775 1416 879 1494 copias
913 1416 944 1474 in
971 1417 1143 1495 proximum
1172 1419 1232 1477 col·
1318 1475 1321 1479 .

193 1499 256 1557 lem
279 1498 430 1569 subducit,
454 1500 550 1559 aciem
572 1501 705 1561 instruit.
762 1502 927 1575 Labienus,
959 1510 994 1561 ut
1016 1510 1082 1562 erat
1104 1504 1132 1562 ei
1154 1523 1232 1581 pree-

197 1591 323 1663 ceptum
351 1606 369 1644 a
400 1584 531 1661 Caesare,
565 1605 604 1645 ne
631 1587 773 1665 proelium
801 1588 1013 1662 committeret,
1047 1588 1107 1646 nisi
1135 1589 1232 1667 ipsius

199 1670 296 1747 copiae
336 1690 432 1748 prope
472 1671 606 1729 hostium
639 1679 742 1731 castra
774 1672 850 1732 visae
884 1680 996 1747 essent,
1031 1680 1066 1731 ut
1098 1674 1232 1749 undique

197 1774 258 1813 uno
294 1763 430 1835 tempore
464 1756 496 1815 in
529 1757 634 1816 hostes
662 1758 795 1836 impetus
821 1756 918 1832 fieret,
952 1765 1055 1817 monte
1083 1767 1232 1836 occupato

196 1847 320 1899 nostros
354 1843 538 1919 expectabat
571 1842 740 1920 proelioque
775 1843 958 1902 abstinebat.
1014 1841 1113 1902 Multo
1148 1844 1232 1903 deni·

195 1944 256 2001 que
290 1925 338 1984 die
371 1946 427 2003 per
460 1928 668 2005 exploratores
704 1928 809 1987 Caesar
848 1928 992 2005 cognovit
1032 1936 1063 1987 61
1097 1937 1232 1989 montem

195 2032 214 2069 6
243 2012 307 2071 suis
335 2012 431 2071 teneri
460 2020 491 2071 61
513 2013 673 2073 Helvetios
703 2021 805 2073 castra
833 2013 965 2074 movisse
994 2020 1026 2073 et
1054 2013 1232 2075 Considium

186 2096 304 2155 ’11111616
325 2098 529 2175 perterritum,
562 2099 644 2174 quod
672 2119 733 2158 non
760 2100 899 2173 vidisset,
928 2120 984 2177 pro
1012 2100 1079 2160 viso
1103 2100 1163 2160 sibi
1184 2121 1231 2161 re-

194 2182 363 2241 nuntiasse.
420 2184 466 2242 Eo
490 2183 549 2258 die,
584 2204 643 2259 quo
668 2192 830 2245 consuerat
851 2185 1023 2260 intervallo,
1053 2186 1159 2245 hostes
1184 2206 1230 2245 se-

195 2268 299 2342 quitur
332 2275 363 2327 61
396 2269 479 2327 milia
511 2289 659 2348 passuum
692 2271 752 2329 tria
785 2272 823 2330 ab
858 2290 962 2329 eorum
989 2271 1100 2330 castris
1130 2278 1233 2331 castra

197 2352 294 2429 ponit.

280 2438 408 2497 XXIII.
464 2439 617 2499 Postridie
648 2440 714 2515 ejus
743 2441 813 2513 diei,
849 2440 931 2515 quod
960 2442 1080 2499 omnino
1104 2440 1231 2499 biduum

195 2531 370 2601 supererat,
405 2544 498 2599 quum
532 2525 679 2585 exercitui
711 2524 899 2584 frumentum
931 2525 1032 2584 metiri
1065 2532 1229 2603 oporteret,
1277 2574 1280 2577 .

197 2615 229 2667 et
263 2609 345 2683 quod
373 2629 391 2667 a
417 2609 572 2685 Bibracte,
608 2610 718 2689 oppido
752 2609 942 2669 Haeduorum
974 2610 1065 2687 longe
1098 2610 1229 2669 maximo

190 2699 228 2752 61
262 2693 485 2772 copiosissimo,
520 2716 581 2755 666
615 2696 745 2773 amplius
778 2696 901 2755 milibus
934 2715 1082 2774 passuum
1114 2696 1231 2756 XVIII

195 2780 310 2854 aberat,
344 2781 389 2839 rei
421 2777 629 2841 frumentaria
658 2779 905 2859 prospiciendum
934 2782 1136 2855 existimavit,
1171 2782 1254 2863 iter.

194 2864 233 2923 ab
262 2865 414 2925 Helvetiis
443 2868 555 2927 avertit
583 2887 618 2925 ac
640 2868 786 2927 Bibracte
815 2866 859 2925 ire
888 2866 1054 2926 contendit.
1110 2868 1157 2926 Ea
1179 2888 1229 2927 res

194 2968 251 3027 per
283 2948 432 3027 fugitivos
466 2953 501 3010 L.
526 2952 650 3027 AEmilr'i,
685 2951 857 3011 decurionis
892 2953 1028 3027 equitum
1062 2952 1229 3028 Gallorum,
1275 2958 1279 2963 “

193 3034 334 3095 hostibus
356 3038 521 3097 6116116161.
577 3037 721 3113 Helvetii,
757 3057 813 3097 seu
840 3037 922 3113 quod
949 3038 1057 3098 timore
1085 3039 1229 3115 perterri-

193 3126 244 3179 tos
282 3120 437 3181 Romanos
477 3122 634 3182 discedere
668 3144 686 3181 a
724 3142 758 3183 se
791 3123 1009 3197 existimarent,
1051 3142 1087 3181 eo
1120 3123 1228 3205 magis,

194 3204 278 3281 quod
316 3207 413 3284 pridie
452 3208 661 3287 superioribus
694 3208 770 3267 locis
804 3208 960 3286 occupatis
994 3208 1135 3286 proehum
1167 3228 1229 3267 non

194 3292 433 3367 commisissent,
472 3294 539 3357 sive
573 3312 617 3368 ec,
653 3294 735 3369 quod
768 3313 801 3351 16
834 3292 1034 3352 frumentaria
1066 3293 1230 3352 intercludi

192 3395 286 3454 posse
314 3377 509 3454 confiderent,
545 3387 729 3439 commutato
759 3378 884 3437 consilio
913 3385 1005 3454 atque
1026 3378 1135 3438 itinere
1158 3398 1228 3439 con-

193 3480 284 3521 verso
317 3470 439 3523 nostros
468 3486 486 3524 a
513 3465 678 3525 novissimo
707 3464 827 3541 agmine
856 3464 976 3539 insequi
1008 3484 1044 3523 66
1077 3464 1229 3524 lacessere

196 3555 365 3625 coeperunt.
421 3585 423 3589 -
1242 3547 1244 3550 ’

280 3633 402 3694 XXIV.
453 3636 622 3710 Postquam
650 3635 682 3693 id
704 3635 839 3693 animum
860 3634 1004 3710 advertit,
1028 3635 1132 3713 copias
1154 3652 1227 3693 suas

194 3716 301 3777 Caesar
327 3720 359 3779 in
380 3721 552 3798 proximum
581 3720 690 3779 collem
718 3720 871 3794 subducit,
903 3720 1141 3795 equitatumque,
1176 3719 1229 3793 qui

193 3804 360 3864 sustineret
382 3806 516 3865 hostium
537 3808 694 3883 impetum,
718 3806 811 3865 misit.
856 3805 929 3882 Ipse
951 3806 1072 3865 interim
1095 3805 1127 3862 in
1149 3802 1227 3862 colle

127 3919 132 3924 ·
192 3888 293 3948 616116
327 3890 478 3969 triplicem
512 3892 608 3952 aciem
639 3892 784 3951 instruxit
817 3891 970 3968 legionum
999 3896 1143 3964 quattuor
1175 3907 1227 3948 ve-

192 3980 383 4050 teranarum;
413 3977 444 4035 in
467 3996 584 4036 summo
604 3976 680 4053 jugo
705 3976 781 4036 duas
804 3976 948 4053 legiones,
973 3992 1049 4048 quas
1071 3974 1104 4031 in
1127 3973 1228 4033 Gallia

193 4059 335 4120 citeriore
362 4062 498 4139 proxime
528 4063 760 4141 conscripserat,
796 4069 826 4120 et
856 4060 955 4119 omnia
989 4059 1101 4118 auxilia
1135 4059 1226 4118 collo-
1298 4068 1301 4072 ’
