2967 4609
1189 324 1446 378 ‘LIBER
1492 326 1622 380 VII.
2313 338 2434 394 123

423 519 614 596 legati
658 519 738 578 ad
782 538 920 577 eum
943 519 1257 579 venissent
1301 527 1556 594 oratum,
1605 528 1675 578 ut
1726 522 1843 580 sibi
1887 521 2235 598 ignosceret
2278 543 2434 582 suae-

428 625 547 682 que
593 604 737 664 vitae
784 605 1148 679 consuleret,
1195 611 1266 662 ut
1322 604 1634 665 celeritate
1691 607 1960 683 reliquas
2014 627 2115 666 res
2175 608 2430 668 confice-

425 699 542 765 ret,
591 699 711 766 q'ua
753 689 1045 767 pleraque
1091 697 1223 748 erat
1270 698 1653 765 consecutus,
1703 712 1871 750 arma
1910 691 2193 768 conferri,
2243 715 2432 770 equos

425 776 702 855 produci,
760 775 1005 834 obsides
1064 775 1195 834 dari
1232 775 1427 851 jubet.
1498 776 1682 857 Parte
1720 777 1851 853 jam
1896 778 2176 836 obsidum
2213 780 2438 839 tradita

430 882 618 938 quum
660 860 897 935 reliqua
940 860 1541 936 administrarentur,
1600 864 2057 922 centurionibus
2117 871 2178 922 et
2222 866 2436 942 paucis

432 947 731 1006 militibus
776 946 1160 1021 intromissiS,
1210 947 1314 1021 qui
1361 967 1529 1006 arma
1566 946 1963 1024 jumentaque
1988 950 2434 1024 conquirerent,

434 1033 743 1107 equitatus
787 1031 1056 1090 hostium
1097 1032 1311 1109 procul
1356 1031 1528 1091 visus
1574 1041 1701 1109 est,
1775 1034 1879 1109 qui
1923 1055 2140 1111 agmen
2183 1035 2436 1095 Vercin-
2500 1035 2505 1038 ’

428 1117 724 1196 getorigis
772 1123 1204 1176 antecesserat.
1310 1116 1503 1188 Quem
1550 1119 1913 1194 simulatque
1959 1119 2246 1198 oppidani
2294 1141 2433 1180 con.-

434 1209 770 1282 spexerunt
812 1208 996 1277 atque
1039 1203 1103 1260 in
1150 1222 1322 1280 spem
1367 1203 1576 1261 auxilii
1621 1212 1936 1279 venerunt,
1985 1206 2248 1265 clamore
2295 1208 2436 1265 sub—

429 1290 557 1348 lato
603 1308 769 1346 arma
814 1307 1050 1364 capere,
1097 1296 1308 1365 portas
1355 1288 1658 1364 claudere,
1705 1311 1943 1348 murum
1989 1291 2291 1368 complere
2318 1312 2436 1350 coe-

428 1381 671 1454 perunt.
766 1371 1165 1432 Centuriones
1209 1374 1273 1431 in
1333 1374 1581 1471 oppido
1614 1395 1797 1471 quum
1854 1396 1928 1434 ex
1993 1375 2433 1452 significatione

435 1459 751 1518 Gallorum
793 1459 937 1519 novi
983 1459 1213 1533 aliquid
1258 1461 1335 1517 ab
1378 1459 1453 1517 iis
1499 1458 1639 1518 iniri
1685 1461 1920 1519 consilii
1965 1462 2434 1536 intellexissent,

433 1545 657 1622 gladiis
726 1544 1034 1603 destrictis
1097 1551 1307 1622 portas
1367 1554 1823 1622 occupaverunt
1891 1567 2158 1631 suosque
2227 1568 2437 1608 omnes

437 1630 773 1689 incolumes
818 1637 1199 1708 receperunt

608 1715 798 1774 XIII.
893 1713 1101 1774 Gaesar
1125 1736 1199 1774 ex
1223 1715 1442 1774 castris
1468 1716 1804 1790 equitatum
1840 1716 2016 1774 educi
2044 1716 2244 1792 jubet,
2273 1738 2434 1795 proe-

410 1802 589 1869 ,1111111
658 1807 940 1876 equestre
1010 1801 1366 1875 committit;
1428 1801 1847 1859 laborantibus
1897 1801 2028 1876 jam
2096 1802 2222 1860 suis
2286 1802 2435 1861 Ger-

438 1906 649 1946 manos
696 1887 933 1962 equites
982 1886 1223 1945 circiter
1249 1885 1355 1945 OD
1403 1886 1743 1961 summittit,
1793 1906 1945 1962 quos
1992 1887 2068 1945 ab
2113 1887 2283 1946 initio
2331 1888 2436 1946 ha-

438 1972 584 2031 bere
630 1991 837 2031 secum
880 1972 1246 2030 instituerat.
1338 1973 1566 2030 Eorum
1610 1973 1903 2048 impetum
1931 1971 2092 2030 Galli
2138 1973 2439 2033 sustinere

438 2078 578 2116 non.
604 2064 947 2135 potuerunt*
992 2064 1173 2131 atque
1228 2057 1313 2115 111
1346 2056 1556 2134 fugam
1616 2056 1878 2133 conjecti
1933 2058 2142 2116 multis
2199 2059 2442 2117 amissis

444 2163 511 2202 se
557 2143 637 2202 ad
681 2162 898 2220 agmen
942 2150 1332 2220 receperunt3
1384 2143 1605 2217 quibus
1663 2142 2004 2220 profligatis
2060 2163 2275 2203 rursus
2335 2165 2438 2223 op·
2472 2172 2475 2176 ’

438 2228 646 2306 pidani
688 2227 995 2306 perterriti
1042 2228 1513 2305 comprehensos
1573 2249 1697 2304 eOS,
1761 2249 2016 2304 quorum
2073 2249 2259 2306 opera
2312 2231 2440 2307 ple-

439 2315 579 2372 bem
624 2313 989 2373 concitatam
1034 2313 1484 2388 existimabant,
1547 2315 1624 2372 ad
1673 2313 1979 2373 Caesarem
2022 2314 2444 2391 perduxerunt

442 2419 698 2473 seseque
744 2399 800 2458 61
846 2398 1225 2457 dediderunt.
1320 2399 1555 2469 Quibus
1622 2401 1806 2458 rebus
1877 2397 2172 2457 confectis
2236 2398 2446 2459 Caesar
2537 2452 2542 2456 .

442 2485 522 2543 ad
566 2476 853 2563 oppidum
897 2484 1244 2558 Avaricum,
1315 2484 1478 2558 quod
1547 2491 1677 2543 erat
1731 2484 2055 2543 maximum
2113 2485 2442 2556 munitissi-

442 2590 724 2645 mumque
767 2569 831 2627 in
874 2569 1098 2628 finibus
1131 2570 1477 2646 Biturigum
1524 2577 1706 2645 atque
1753 2569 1885 2645 agri
1929 2552 2306 2627 fertilissima
2349 2590 2443 2628 re-

443 2656 641 2733 gione,
688 2654 1004 2733 profectus
1052 2661 1165 2729 est,
1215 2655 1378 2731 quod
1422 2675 1493 2714 eo
1553 2653 1773 2732 oppido
1830 2661 2076 2732 recepto
2135 2655 2444 2714 civitatem

446 2741 794 2816 Biturigum
840 2760 907 2798 se
950 2740 1015 2797 in
1058 2746 1428 2818 potestatem
1470 2740 1860 2799 redacturum
1907 2739 2268 2798 confidebat.

611 2825 789 2885 XIV.
854 2825 1347 2902 'Vercingetorix
1391 2833 1484 2884 tot
1529 2826 1830 2885 continuis
1876 2826 2272 2885 incommodis
2299 2825 2442 2886 Vel-

442 2911 791 2986 launoduni,
832 2910 1086 2986 Genabi,
1134 2911 1484 2971 Novioduni
1523 2912 1792 2989 acceptis
1828 2931 1972 2970 suos
2011 2911 2090 2970 ad
2124 2912 2447 2970 concilium

446 2989 756 3056 convocat.
848 2996 1049 3055 Docet
1091 2996 1271 3074 longe
1318 2997 1437 3055 alia
1479 2998 1717 3056 ratione
1763 3016 1900 3055 esse
1957 2998 2186 3055 bellum
2230 3017 2444 3073 geren-

383 3128 390 3132 .
447 3081 607 3156 dum,
656 3088 838 3158 atque
897 3088 1075 3140 antea
1129 3089 1370 3159 gestum
1428 3082 1537 3152 sit,
1599 3082 1876 3140 omnibus
1933 3081 2127 3140 modis
2173 3082 2313 3140 huic
2357 3082 2486 3145 rei.

444 3166 828 3242 studendum,
875 3174 945 3224 ut
987 3168 1378 3244 pabulatione
1425 3174 1487 3225 et
1548 3174 1885 3225 commeatu
1927 3167 2188 3224 Romani
2244 3167 2447 3243 prohi-

444 3253 732 3311 beantur:
778 3252 844 3310 id
890 3271 1026 3311 esse
1070 3251 1268 3326 facile,
1318 3252 1480 3327 quod
1527 3253 1800 3327 equitatu
1844 3251 1964 3329 ipsi
2021 3251 2337 3310 abundent
2385 3260 2447 3310 et

446 3336 607 3413 quod
673 3339 815 3396 anni
878 3344 1151 3415 tempore
1217 3339 1643 3412 subleventur3
1713 3337 2005 3415 pabulum
2071 3337 2265 3395 secari
2326 3357 2448 3395 non

445 3442 648 3501 posse,
694 3423 1041 3482 necessario
1089 3422 1402 3502 dispersos
1469 3423 1682 3481 hostes
1728 3443 1802 3482 ex
1870 3420 2144 3481 aedificiis
2202 3429 2442 3500 petere;

446 3509 557 3567 hos
606 3528 817 3567 omnes
862 3508 1136 3584 quotidie
1182 3509 1258 3567 ab
1295 3509 1600 3585 equitibus
1636 3508 1825 3566 deleri
1859 3527 2060 3584 posse.
2131 3507 2441 3567 Praeterea

448 3594 662 3652 salutis
710 3613 897 3654 causa
939 3593 1028 3652 rei
1082 3592 1400 3653 familiaris
1466 3593 1789 3654 commoda
1832 3593 2230 3670 negligenda;
2278 3594 2447 3653 vicos

450 3685 629 3756 atque
677 3677 934 3738 aedificia
977 3679 1219 3737 incendi
1266 3687 1546 3757 oportere
1591 3679 1706 3738 hoc
1754 3679 1951 3756 spatio
2012 3680 2087 3737 ab
2146 3679 2247 3737 via
2303 3699 2448 3753 quo-

448 3783 807 3840 quoversus,
856 3785 973 3840 quo
1020 3765 1350 3842 pabulandi
1396 3785 1582 3824 causa
1643 3764 1810 3823 adire
1866 3783 2050 3841 posse
2106 3763 2446 3823 videantur.

447 3849 683 3908 Harum
726 3849 881 3928 ipsis
924 3870 1129 3910 rerum
1175 3850 1412 3928 copiam
1456 3857 1804 3927 suppetere,
1853 3847 2033 3923 quod,
2083 3867 2342 3922 quorum
2387 3848 2449 3906 in

445 3933 669 3993 finibus
712 3935 941 3994 bellum
983 3942 1250 4012 geratur,
1300 3955 1507 3994 eorum
1564 3936 1780 4012 opibus
1843 3933 2266 4005 subleventur3
2325 3933 2448 4013 Ro—

445 4040 657 4080 manos
726 4027 831 4078 aut
895 4020 1161 4099 inopiam
1226 4040 1347 4079 non
1403 4020 1634 4078 laturos
1694 4026 1798 4077 aut
1841 4037 2060 4093 magno
2108 4035 2247 4074 cum
2290 4018 2447 4095 peri—
