2967 4609
284 333 326 400 50
592 324 645 379 nn
663 300 790 379 sunno
809 322 978 379 onnmoo

284 522 391 583 statuit
423 519 642 599 expectandam
675 520 814 580 classem.
879 519 954 592 Quae
986 520 1040 580 ubi
1073 521 1214 581 convenit
1248 542 1285 582 ac

282 609 412 687 primum
434 607 471 666 ab
494 606 633 666 hostibus
661 606 729 667 visa
751 614 808 683 est,
836 606 957 667 circiter
979 604 1095 665 CCXX
1115 625 1211 667 naves
1233 626 1284 667 eo·

282 714 349 754 rum
370 691 571 772 paratissimae
594 699 684 768 atque
707 693 787 752 omni
814 710 926 771 genere
954 712 1104 752 armorum
1125 693 1284 752 ornatissi-

282 800 340 840 mae
361 777 508 858 profectas
531 797 568 837 ex
590 784 680 856 portu
700 779 815 838 nostris
837 777 976 839 adversae
999 779 1208 855 constiterunt,
1229 799 1284 838 ne-

284 881 342 943 que
364 865 439 925 satis
455 864 563 939 Bruto,
587 864 638 940 qui
660 863 751 923 classi
768 870 909 943 praeerat,
932 864 981 924 vel
1003 864 1133 924 tribunis
1155 864 1284 924 militum

283 950 595 1026 centmionisbusque,
619 950 728 1026 quibus
752 950 880 1027 singulae
901 968 997 1010 naves
1015 957 1102 1009 erant
1117 950 1282 1026 attributae,

284 1038 452 1111 constabat,
477 1030 556 1111 'quid
584 1042 709 1113 agerent
731 1042 784 1094 aut
807 1056 897 1111 quam
925 1036 1073 1095 rationem
1099 1056 1210 1115 pugnae
1238 1037 1284 1095 in-

283 1125 435 1184 sisterent.
479 1122 592 1181 Rostro
615 1120 695 1181 enim
721 1122 825 1181 noceri
851 1142 913 1181 non
940 1141 1033 1200 posse
1061 1130 1280 1199 cognoverant3

282 1209 416 1269 turribus
445 1215 547 1267 autem
581 1206 729 1283 excitatis,
763 1215 864 1267 tamen
893 1208 949 1266 has
976 1206 1103 1266 altitudo
1137 1208 1284 1286 puppium

283 1316 320 1355 ex
352 1293 491 1354 barbaris
520 1292 649 1353 navibus
677 1295 851 1371 superabat,
885 1300 921 1352 ut
947 1312 1045 1369 neque
1075 1314 1113 1353 ex
1142 1292 1283 1352 inferiore

282 1381 348 1441 loco
377 1380 452 1439 satis
487 1378 641 1439 commode
672 1379 735 1439 tela
769 1379 861 1455 adjici
893 1387 1021 1457 possent
1053 1386 1084 1439 et
1117 1380 1211 1439 missa.
1243 1379 1282 1438 ab

283 1466 380 1526 Gallis
413 1465 537 1542 gravius
570 1464 752 1524 acciderent
807 1465 877 1525 Una
905 1472 971 1525 erat
998 1485 1108 1542 magno
1136 1465 1203 1525 usui
1232 1484 1283 1523 res

176 1559 178 1564 '
281 1558 454 1630 praeparata
476 1572 493 1609 a
513 1550 636 1626 nostris,
660 1550 757 1610 falces
774 1557 948 1628 praeacutae,
970 1551 1093 1610 insertae
1123 1550 1283 1626 affixaeque

281 1636 437 1715 longuriis,
468 1656 529 1695 non
562 1636 693 1696 absimili
725 1636 824 1697 forma
855 1637 1014 1695 muralium
1041 1635 1174 1695 falcium.
1224 1636 1283 1694 His

282 1744 374 1800 quum
395 1722 495 1798 funes,
523 1723 576 1797 qui
598 1728 756 1781 antemnas
783 1722 823 1782 ad
849 1723 946 1782 mulos
968 1723 1173 1798 destinabant,
1203 1741 1282 1781 oom-

281 1809 425 1888 prehensi
446 1808 630 1884 adductique
657 1815 753 1883 erant,
781 1808 903 1886 navigio
930 1809 1021 1868 remis
1049 1810 1174 1868 incitato
1204 1827 1283 1886 prae·

281 1895 507 1973 rumpebantur.
553 1893 670 1966 Quibus
692 1895 822 1953 abscisis
844 1901 993 1954 antemnae
1015 1895 1188 1954 necessario
1212 1913 1282 1953 con-

281 1980 432 2055 cidebant,
456 1986 499 2055 ut,
523 1999 615 2055 quum
637 1980 733 2039 omnis
758 1980 884 2040 Gallicis
906 1981 1035 2041 navibus
1058 2000 1129 2057 spes
1151 1981 1183 2038 in
1204 1979 1282 2040 velis

281 2066 534 2140 armamentisque
562 2065 753 2141 consisteret
783 2065 831 2125 his
859 2067 972 2144 ereptis
1001 2067 1098 2125 omnis
1125 2085 1200 2125 usus
1229 2085 1282 2124 na·

280 2152 364 2212 vium
385 2170 445 2209 uno
467 2157 604 2228 tempore
627 2151 803 2229 eriperetur.
856 2152 1019 2227 Reliquum
1041 2159 1107 2211 erat
1130 2157 1283 2210 certamen

210 2292 211 2299 ,
280 2238 412 2324 positum
433 2236 465 2295 in
486 2236 608 2312 virtute,
632 2256 691 2313 qua
712 2237 811 2297 nostri
840 2237 950 2297 milites
973 2236 1064 2297 facile
1086 2238 1281 2315 superabant,

281 2331 372 2399 atque
395 2343 430 2382 eo
452 2322 559 2399 magis,
589 2322 706 2405 quod'
697 2344 729 2381 rn
752 2330 917 2401 conspectu
941 2322 1072 2384 Caesaris
1101 2329 1192 2399 atque
1220 2342 1281 2382 om-

278 2410 327 2469 nis
360 2408 510 2469 exercitus
543 2428 593 2467 res
626 2410 799 2486 gerebatur,
833 2415 867 2467 ut
899 2410 1016 2468 nullum
1047 2409 1138 2487 paulo
1171 2408 1282 2468 fortius

279 2496 394 2555 factum
416 2495 511 2555 latere
532 2501 652 2573 posset;
682 2515 787 2555 omnes
816 2496 895 2554 enim
918 2495 1011 2555 colles
1034 2516 1070 2554 ao
1097 2495 1165 2554 loca
1193 2514 1282 2573 supe·

279 2583 368 2657 riora,
391 2580 472 2639 unde
495 2587 560 2640 erat
580 2581 770 2659 propinquus
789 2581 952 2660 despectus
974 2582 1006 2641 in
1022 2601 1116 2656 mare,
1140 2582 1177 2639 ab
1198 2600 1281 2640 exer·

282 2668 344 2726 citu
366 2667 571 2725 tenebantur.-

365 2752 435 2811 XV.
480 2751 627 2827 Dejectis,
655 2759 689 2811 ut
719 2752 860 2828 diximus,
889 2753 1036 2813 antemnis
1066 2772 1157 2827 quum
1180 2752 1283 2828 singu-

280 2839 327 2897 las
348 2837 429 2895 binae
452 2856 487 2895 11
509 2843 604 2896 ternae
623 2858 718 2899 naves
738 2838 1009 2913 circumsteterant,
1031 2838 1143 2895 milites
1166 2857 1284 2896 summa

281 2924 313 2983 vi
334 2921 602 2982 transcenderem
623 2923 756 2983 hostium
785 2944 881 2985 naves
910 2923 1143 2984 contendebant.
1195 2921 1283 2994 Quod

281 3017 443 3088 postquam
463 3008 586 3067 barbari
607 3008 673 3069 fieri
690 3010 976 3085 animadvertenmt,
1000 3008 1180 3087 eirpugnatis
1203 3028 1283 3067 com·

281 3095 418 3173 pluribus
440 3094 579 3171 navibus,
603 3114 695 3171 quum
723 3096 752 3155 ei
779 3096 824 3155 rei
844 3096 960 3155 nullum
988 3095 1173 3174 reperiretur
1201 3094 1283 3153 auxi-

282 3182 364 3255 lium,
398 3179 473 3257 fuga
500 3180 630 3240 salutem
656 3188 761 3259 petere
790 3182 1025 3256 contenderunt3
1061 3200 1096 3239 ao
1120 3180 1185 3256 jam
1213 3199 1283 3239 con·

282 3267 380 3327 versis
401 3265 433 3324 in
455 3272 656 3345 campartem
674 3268 815 3342 navibus,
838 3288 898 3343 quo
915 3275 1026 3327 ventus
1048 3265 1175 3341 ferebat,
1199 3272 1285 3324 tanta

283 3353 383 3411 subito
411 3351 539 3411 malacia
567 3372 602 3411 ac
629 3354 834 3429 tranquillitas
868 3354 977 3429 extitit,
1010 3359 1045 3411 ut
1079 3371 1112 3411 se
1146 3372 1183 3411 ox
1217 3351 1283 3410 loco

284 3456 472 3497 commovere
498 3458 560 3497 non
586 3446 721 3515 possent.
779 3438 854 3510 Quae
882 3438 1004 3514 quidem
1035 3457 1087 3497 res
1120 3437 1160 3497 ad
1192 3455 1284 3514 nego·

283 3524 358 3582 tium
392 3522 609 3583 conficiendum
640 3525 771 3584 maxime
803 3523 863 3583 fuit
895 3531 1079 3603 opportuna3
1120 3543 1191 3583 nam
1224 3523 1284 3581 sin·

284 3609 371 3687 gulas
392 3609 490 3667 nostri
513 3610 678 3669 consectati
706 3617 966 3688 expugnaverunt,
995 3617 1030 3667 ut
1056 3628 1218 3696 perpaucae
1248 3628 1285 3667 ex

284 3695 365 3778 omni
390 3714 515 3753 numero
543 3696 641 3755 noctis
667 3696 843 3756 interventu
870 3695 909 3755 ad
941 3703 1054 3755 terram
1076 3691 1284 3772 pervenerint,

285 3800 376 3856 quum
410 3781 447 3839 ab
480 3780 555 3839 hora
586 3780 652 3840 fere
685 3788 794 3857 quarta
825 3801 922 3858 usquo
962 3781 1001 3841 ad
1030 3781 1104 3840 solis
1143 3798 1286 3839 occasum

284 3872 478 3944 pugnaretur.

369 3952 458 4011 XVI.
515 3950 581 4022 Quo
613 3951 720 4030 proelio
759 3951 873 4011 bellum
905 3953 1092 4012 Venetorum
1132 3950 1287 4027 totiusque

286 4056 346 4095 orae
369 4037 526 4095 maritimae
549 4036 721 4097 confectum
744 4044 800 4097 est.
845 4037 924 4098 Nam
946 4058 1039 4113 quum
1063 4037 1158 4096 omnis
1177 4036 1286 4112 juven-
