2967 4609
249 363 288 421 76
559 353 611 406 DE
630 351 758 406 BELLO
777 351 947 407 GALLIOO

248 557 326 624 sent,
350 548 501 608 communi
524 546 649 606 consilio
674 546 930 605 administrarent.
975 546 1052 604 Haec
1082 566 1100 603 a
1124 546 1259 622 complu-

247 636 332 693 ribus
356 634 394 692 ad
419 633 571 692 Gaesarem
594 626 819 691 deferebantur.
880 691 882 694 ,

334 720 409 779 VH.
455 718 577 789 Quare
601 718 721 793 cognita
745 716 859 791 Oaesar,
884 715 966 791 quod
995 722 1115 774 tantum
1143 716 1260 775 civitati

247 805 376 865 Haeduae
390 803 548 881 dignitatis
571 802 736 877 tribuebat,
762 801 962 861 coercendum
985 807 1076 876 atque
1100 800 1256 860 deterren-

174 891 176 895 ’
248 891 328 965 dum,
353 891 584 965 quibuscunque
601 889 694 946 rebus
713 895 829 964 posset,
849 887 1069 962 Dumnorigem
1087 888 1256 959 statuebat;

249 976 330 1051 quod
360 974 480 1051 longius
511 973 577 1049 ejus
608 973 772 1031 amentiam
799 972 944 1050 progredi
974 971 1115 1046 videbat,
1139 973 1258 1050 perspi-

249 1060 397 1135 ciendum,
432 1080 471 1118 ne
505 1058 579 1133 quid
612 1058 671 1116 sibi
706 1078 741 1116 ac
775 1058 820 1116 rei
849 1058 981 1135 publicae
1010 1077 1119 1115 nocere
1141 1066 1257 1134 posset.

248 1147 359 1221 Itaque
383 1146 449 1203 dies
473 1144 595 1203 circiter
617 1143 712 1202 XXV
734 1144 767 1201 in
789 1163 824 1201 eo
847 1143 914 1201 loco
939 1149 1152 1218 commoratus,
1177 1142 1259 1217 quod

249 1250 338 1291 corus
361 1237 471 1291 ventus
495 1228 721 1304 navigationem
742 1228 938 1305 impediebat,
964 1228 1015 1303 qui
1026 1247 1168 1303 magnam
1188 1248 1258 1305 par-

248 1323 310 1376 tem
334 1316 430 1375 omnis
453 1314 600 1391 temporis
622 1314 653 1371 in
675 1314 723 1371 his
752 1314 829 1372 loeis
857 1313 931 1371 flare
962 1314 1135 1386 consuevit,
1165 1314 1258 1372 dabat

249 1422 388 1480 operam,
423 1407 458 1459 ut
490 1400 523 1458 in
559 1398 659 1457 officio
693 1399 914 1476 Dumnorigem
948 1398 1130 1472 contineret,
1163 1398 1257 1456 nihilo
1356 1425 1359 1428 ·

248 1494 350 1546 tamen
380 1486 482 1545 secius
511 1485 611 1543 omnia
639 1484 706 1561 ejus
736 1484 864 1543 consilia
892 1490 1106 1560 cognosceret;
1135 1483 1258 1542 tandem

249 1571 389 1630 idoneam
428 1577 537 1629 nactus
578 1576 795 1648 tempestatem
827 1570 939 1628 milites
974 1570 1154 1644 equitesque
1188 1590 1257 1628 eon-

250 1656 397 1715 scendere
420 1656 452 1714 in
474 1674 569 1715 naues
589 1655 688 1731 jubet.
739 1655 783 1713 At
806 1656 938 1713 omniurn
965 1654 1121 1732 impeditis
1149 1654 1256 1713 animis

171 1805 173 1809 ,
212 1813 216 1822 Χ
248 1742 429 1801 Dumnorix-
442 1762 510 1800 cum
534 1741 688 1816 equitibus
716 1741 906 1799 Haeduorum
935 1761 952 1798 a
975 1740 1086 1798 castris
1108 1740 1257 1799 insciente

250 1828 372 1887 Caesare
395 1826 519 1885 domum
548 1826 706 1885 discedere
729 1826 831 1903 coepit.
879 1825 947 1896 Qua
974 1845 1008 1883 re
1029 1825 1169 1883 nuntiata
1192 1824 1257 1883 an-

155 1908 177 1949 ’·
248 1933 299 1971 sar
331 1912 505 1971 intermissa
540 1910 728 1989 proiectione
757 1917 850 1986 atque
879 1910 1018 1969 omnibus
1046 1911 1139 1969 rebus
1171 1918 1255 1987 post-

249 1998 357 2075 positis
380 2018 521 2073 magnam
542 2004 661 2073 partem
691 1997 845 2071 equitatus
874 1996 914 2055 ad
942 2015 1010 2053 eum
1037 1996 1259 2071 insequendum

249 2082 342 2140 mittit
370 2082 544 2156 retrahique
576 2082 719 2158 imperat;
750 2082 783 2157 =si
804 2083 866 2142 vim
889 2080 983 2139 faciat
1011 2101 1110 2156 neque
1138 2090 1255 2158 pareat,

249 2165 379 2225 interfici
398 2166 496 2242 jubet,
519 2166 595 2224 nihil
617 2166 697 2225 hunc
721 2187 754 2225 se
778 2169 905 2226 absente
927 2186 982 2244 pro
1006 2186 1080 2225 sano
1104 2166 1258 2225 facturum

251 2252 432 2327 arbitratus,
476 2252 527 2327 qui
558 2252 720 2328 praesentis
754 2252 915 2330 imperium
947 2252 1143 2328 neglexisset.
1199 2252 1259 2310 Ille

251 2339 403 2409 enimvero
426 2344 589 2397 revocatus
611 2338 756 2395 resistere
779 2358 814 2397 ac
838 2357 871 2396 se
893 2358 986 2395 manu
1004 2336 1170 2395 defendere
1188 2356 1257 2396 suo·
1279 2390 1282 2393 ,

248 2442 374 2498 rumque
396 2422 488 2482 fidem
510 2423 672 2499 implorare
696 2423 804 2500 coepit,
830 2442 912 2500 saepe
941 2422 1100 2481 clamitans
1127 2423 1258 2481 liberum

250 2528 283 2567 se
306 2509 472 2584 liberaeque
506 2527 576 2567 esse
606 2508 749 2568 civitatis.
804 2508 866 2583 Illi,
900 2514 935 2565 ut
968 2516 1034 2566 erat
1066 2508 1257 2585 imperatum,

250 2594 478 2653 circumsistunt
520 2593 672 2653 hominem
707 2601 799 2669 atque
831 2592 1033 2666 interficiunt,
1076 2600 1107 2651 at
1140 2594 1258 2668 equites

248 2678 360 2738 Haedui
382 2678 422 2737 ad
446 2678 599 2738 Gaesarem
623 2698 726 2737 omnes
749 2686 954 2741 revertuntur.

334 2764 426 2822 VIII.
461 2763 519 2822 His
542 2766 635 2823 rebus
657 2765 765 2840 gestis,
788 2765 925 2823 Labieno
947 2765 979 2821 in
1003 2764 1169 2822 continenti
1188 2784 1257 2822 cum

249 2849 347 2907 tribus
369 2848 540 2924 legionibus
565 2856 595 2907 et
618 2850 752 2924 equitum
781 2850 903 2909 milibus
932 2849 1051 2908 duobus
1079 2850 1195 2924 relicto,
1224 2856 1259 2907 ut

248 2938 356 3012 portus
378 2940 515 2991 tueretur
538 2940 568 2991 et
590 2954 654 2993 rem
676 2933 907 2994 frumentariam
923 2933 1109 3012 provideret,
1129 2954 1258 3009 quaeque

248 3020 280 3077 in
304 3018 404 3077 Gallia
426 3026 614 3095 gererentur,
639 3027 838 3097 cognosceret
861 3021 1081 3096 consiliumque
1106 3040 1162 3097 pro
1180 3026 1255 3077 tem·

191 3110 194 3115 “
249 3124 323 3183 pore
347 3111 377 3163 et
399 3126 454 3182 pro
482 3125 516 3163 re
550 3112 683 3183 caperet,
717 3106 785 3183 ipse
818 3126 888 3165 cum
921 3106 1053 3181 quinque
1085 3104 1257 3182 legionibus

251 3198 281 3249 et
302 3190 370 3267 pari
391 3210 517 3249 numero
541 3192 685 3267 equitum,
711 3211 801 3267 quem
828 3192 860 3249 in
888 3187 1064 3249 continenti
1081 3191 1256 3265 reliquerat,

251 3276 291 3335 ad
313 3274 386 3334 solis
411 3296 553 3335 occasum
574 3297 669 3337 naves
699 3278 793 3338 solvit
821 3284 852 3336 et
878 3277 940 3335 leni
968 3275 1064 3335 africo
1092 3268 1257 3355 provectus

250 3360 351 3419 media
385 3361 506 3420 circiter
538 3370 627 3421 nocte
655 3368 747 3421 uento
775 3363 950 3421 intermisso
979 3381 1103 3419 cursum
1130 3382 1191 3419 non
1212 3367 1256 3420 te·

249 3445 316 3503 nuit
338 3452 368 3503 et
389 3446 510 3524 longius
533 3447 653 3505 delatus
678 3454 756 3506 aestu
778 3455 845 3506 orta
866 3447 935 3505 luce
959 3448 1016 3505 sub
1046 3446 1171 3505 sinistra
1189 3446 1256 3504 Bri-

250 3529 386 3588 tanniam
414 3531 552 3590 relictam
587 3534 756 3610 conspexit.
809 3533 886 3591 Tum
913 3552 1021 3590 rursus
1050 3539 1144 3590 aestus
1178 3552 1257 3590 com-

250 3614 447 3673 mutationem
470 3626 595 3675 secutus
617 3618 709 3676 remis
732 3617 897 3691 contendit,
921 3623 956 3674 ut
978 3623 1186 3693 campartem
1212 3617 1257 3675 in-

253 3700 328 3759 sulae
363 3708 504 3777 caperet,
540 3721 599 3776 qua
633 3704 780 3780 optimum
814 3722 882 3762 esse
913 3722 1071 3779 egressum
1102 3702 1259 3779 superiore

252 3792 359 3845 aestate
383 3794 577 3861 cognoverat.
632 3788 700 3858 Qua
729 3790 761 3847 in
790 3809 824 3847 re
854 3786 1018 3847 admodum
1047 3786 1108 3846 fuit
1128 3788 1258 3845 militum

251 3873 350 3930 virtus
372 3870 534 3946 laudanda,
560 3872 612 3947 qui
633 3874 778 3932 vectoriis
805 3874 1014 3950 gravibusque
1040 3872 1172 3949 navigiis
1193 3892 1255 3931 non

249 3956 424 4014 intermisso
452 3956 622 4033 remigandi
653 3957 758 4017 labore
791 3959 952 4035 longarum
984 3958 1108 4018 navium
1136 3976 1259 4016 cursum
1341 3999 1344 4012 ,,

252 4038 462 4113 adaequarunt.
508 4041 678 4100 Accessum
702 4049 749 4101 est
772 4042 811 4101 ad
829 4043 1021 4101 Britanniam
1044 4042 1184 4101 omnibus
1206 4063 1259 4101 na·
1340 4064 1343 4082 ¹·
