2967 4609
252 366 313 424 123
331 404 342 428 ,
551 359 604 412 nr
622 358 750 412 annno
770 333 948 413 armico

251 553 310 611 bus
332 551 502 612 intervallis
525 552 674 612 distantes
703 553 784 612 inter
812 573 845 612 se
867 553 956 612 binos
985 553 1096 630 pedae,
1132 554 1164 612 in
1186 555 1250 614 solo

252 638 451 713 collocantur,
474 639 523 697 hae
546 638 754 698 revinciuntur
782 639 933 697 introrsus
964 647 995 697 et
1024 639 1119 698 inulto
1139 659 1249 717 aggere

251 723 433 783 vestiuntur.
478 725 526 782 Ea
549 730 658 796 autem,
683 743 752 798 quae
776 723 916 798 diximus,
940 724 1103 783 intervalla
1129 725 1250 802 grandi-

251 809 310 867 bus
331 809 363 866 in
385 808 486 868 fronte
509 809 592 868 saxis
615 807 823 868 efferciuntur.
868 809 927 868 His
957 810 1113 868 collocatis
1143 818 1172 869 et
1202 831 1250 869 co-

252 895 434 970 agmentatis
458 895 535 953 alius
558 895 682 976 insuper
705 894 779 952 ordo
803 893 934 969 additur,
958 902 992 952 ut
1022 895 1103 954 idem
1119 895 1193 954 illud
1206 896 1250 954 in-

251 980 415 1038 tervallum
445 987 600 1053 servetur,
629 998 729 1055 neque
757 979 837 1038 inter
865 999 898 1038 se
928 979 1108 1058 contingant
1134 983 1249 1056 trabes,

252 1064 308 1124 sed
335 1065 461 1142 paribus
489 1065 672 1124 intermissae
701 1065 810 1143 spatiis
845 1065 973 1142 singulae
1010 1066 1137 1142 singulis
1168 1067 1250 1126 saxis

251 1149 420 1227 interjectis
448 1159 513 1209 arte
536 1151 756 1210 contineantur.
813 1149 864 1208 Sic
892 1151 1036 1229 deinceps
1065 1171 1151 1211 omne
1175 1171 1251 1230 opus

252 1236 431 1311 contexitur,
467 1236 538 1294 dum
567 1235 654 1312 justa
686 1237 765 1294 muri
799 1235 926 1295 altitudo
961 1237 1128 1313 expleatur.
1184 1238 1252 1296 Hoc
1284 1253 1287 1258 '

253 1340 346 1396 quum
366 1321 398 1379 in
421 1322 554 1399 speciem
576 1321 817 1396 varietatemque
846 1341 922 1398 opus
950 1321 1085 1380 deforme
1116 1342 1176 1382 non
1206 1329 1254 1382 est

252 1406 377 1465 alternis
400 1407 539 1465 trabibus
562 1427 598 1465 ae
621 1407 713 1481 saxis,
738 1426 806 1482 quae
828 1407 922 1465 rectis
950 1407 1038 1466 lineis
1070 1427 1142 1466 suos
1171 1408 1251 1467 ordi-

195 1528 203 1544 .
251 1511 307 1549 nes
330 1499 463 1566 servant;
487 1498 551 1550 turn
582 1491 621 1550 ad
648 1493 811 1551 utilitatem
839 1497 870 1550 et
899 1490 1106 1552 defensionem
1134 1493 1253 1552 urbium

253 1595 401 1635 summam
422 1578 516 1636 habet
539 1579 811 1656 opportunitatem,
830 1577 912 1652 quod
935 1585 965 1636 et
989 1579 1027 1637 ab
1045 1579 1185 1638 incendio
1208 1578 1251 1637 la·

251 1662 300 1740 pis
323 1669 355 1720 et
377 1664 414 1721 ab
438 1663 532 1722 ariete
554 1663 682 1722 materia
704 1662 850 1737 defendit,
874 1659 941 1738 quaa
972 1665 1129 1741 perpetuis
1157 1664 1251 1723 trabi-

252 1748 310 1806 bus
343 1749 438 1825 pedes
473 1748 685 1825 quadragenos
720 1749 897 1826 plerumque
931 1749 1082 1808 introrsus
1115 1749 1253 1809 revincta

253 1853 352 1909 neque
374 1834 529 1911 perrumpi
552 1854 650 1909 neque
673 1833 803 1892 distrahi
825 1839 937 1911 potest.

338 1919 459 1978 XXIV.
494 1919 552 1978 His
575 1925 621 1978 tot
642 1920 735 1978 rebus
758 1918 905 1996 impedita
928 1921 1154 1997 oppugnatione
1175 1920 1252 1980 mili-

251 2011 299 2062 tes
322 2024 415 2079 quum
436 2012 501 2064 toto
524 2012 661 2082 tempore
682 2004 797 2082 frigore
820 2012 851 2064 et
873 2005 1005 2063 assiduis
1026 2005 1175 2065 imbribus
1192 2012 1253 2064 tar-

162 2095 165 2101 '
254 2087 408 2163 darentur,
431 2097 534 2148 tamen
556 2091 723 2148 continenti
745 2091 849 2148 labore
871 2091 971 2149 omnia
992 2091 1060 2150 haec
1090 2111 1253 2168 superave-

253 2181 325 2232 runt
346 2180 377 2232 et
399 2174 508 2233 diebus
519 2175 614 2234 XXV
637 2196 788 2252 aggerem,
811 2175 935 2253 longum
951 2176 1048 2254 pedes
1067 2175 1250 2250 OOOXXX,

253 2259 348 2317 altum
369 2259 464 2337 pedes
487 2259 621 2335 LXXX,
646 2267 852 2320 extruxerunt.
888 2260 988 2331 Quum
1008 2262 1036 2320 is
1058 2282 1178 2320 murum
1199 2263 1252 2320 ho·

253 2345 345 2403 stium
365 2365 454 2423 paene
477 2346 668 2423 contingeret
690 2352 721 2405 et
744 2345 848 2405 Caesar
866 2347 905 2404 ad
928 2366 1005 2424 opus
1033 2347 1253 2407 consvetudine

254 2432 419 2490 excubaret
451 2432 625 2507 militesque
646 2433 829 2508 hortaretur,
858 2452 897 2491 ne
927 2431 1007 2507 quod
1036 2433 1155 2492 omnino
1178 2439 1252 2491 tem-

254 2535 312 2593 pus
335 2518 373 2575 ab
397 2537 488 2595 opere
516 2518 783 2592 intermitteretur,
811 2517 902 2594 paulo
933 2524 1002 2577 ante
1033 2519 1155 2576 tertiam
1177 2518 1253 2595 vigi-

254 2600 326 2660 liam
348 2610 396 2660 est
418 2603 663 2662 animadversum
684 2602 802 2661 fumare
825 2622 981 2679 aggerem,
1011 2623 1102 2678 quem
1130 2602 1252 2662 cunicu-

253 2685 283 2744 lo
316 2687 421 2746 hostes
455 2688 686 2764 succenderant,
722 2689 888 2763 eodemque
916 2695 1055 2767 tempore
1081 2696 1145 2748 toto
1167 2708 1253 2747 muro

254 2769 385 2831 clamore
408 2773 528 2832 sublato
552 2773 671 2832 duabus
693 2774 791 2851 portis
810 2774 847 2832 ab
865 2781 993 2849 utroque
1010 2774 1106 2834 latere
1126 2775 1254 2834 turrium

255 2857 372 2932 eruptio
407 2857 510 2916 fiebat.
562 2858 624 2916 Alii
651 2857 738 2918 faces
767 2866 857 2934 atque
886 2859 1003 2917 aridam
1029 2860 1185 2918 materiem
1215 2859 1253 2918 de

254 2961 339 2999 muro
362 2941 394 3000 in
422 2962 564 3020 aggerem
593 2943 710 3003 eminus
728 2943 900 3020 jaciebant,
929 2945 1028 3022 picem
1060 2945 1254 3021 reliquasque

254 3045 313 3102 res,
347 3026 458 3102 quibus
490 3028 571 3105 ignis
605 3029 731 3088 excitari
763 3034 875 3106 potest,
909 3028 1086 3102 fundebant,
1121 3037 1163 3106 ut,
1194 3050 1253 3105 quo

254 3111 385 3189 primum
407 3107 617 3174 occurreretur
639 3121 693 3173 aut
715 3115 765 3173 cui
786 3115 831 3173 rei
859 3114 992 3173 ferretur
1014 3115 1173 3191 auxilium,
1202 3116 1254 3177 vix

253 3197 331 3256 ratio
353 3199 423 3258 iniri
444 3206 557 3278 posset.
603 3200 727 3275 Tamen,
752 3199 832 3275 quod
854 3199 994 3259 instituto
1021 3200 1153 3260 Caesaris
1176 3220 1254 3260 sem-

255 3302 311 3358 per
332 3283 401 3343 duas
423 3285 560 3363 legiones
582 3306 638 3363 pro
661 3287 772 3346 castris
796 3286 987 3344 excubabant
1008 3287 1173 3363 pluresque
1184 3307 1254 3364 par-

254 3367 320 3426 titis
342 3371 530 3448 temporibus
552 3378 640 3430 erant
659 3372 692 3430 in
715 3390 816 3448 opere,
841 3371 980 3430 celeriter
1001 3370 1117 3430 facturn
1139 3379 1196 3446 est,
1220 3379 1255 3428 ut

256 3451 307 3509 alii
328 3456 538 3532 eruptionibus
559 3456 748 3532 resisterent,
772 3456 823 3515 alii
840 3463 942 3516 turres
964 3455 1146 3515 reducerent
1163 3475 1254 3534 agge·

254 3556 379 3612 remque
400 3540 662 3617 interscinderent,
687 3543 783 3601 omnis
805 3561 878 3601 vero
902 3561 939 3600 ex
962 3542 1071 3602 eastris
1093 3541 1254 3602 multitudo
1368 3595 1371 3598 .

256 3621 295 3680 ad
317 3623 569 3700 restingveudum
591 3633 794 3687 concurreret.

340 3709 444 3769 XXV.
480 3709 580 3780 Quum
600 3712 633 3770 in
656 3713 796 3771 omnibus
817 3711 893 3770 locis
917 3719 1108 3789 comsumpta
1126 3711 1191 3788 jam
1208 3731 1254 3771 re·

255 3794 338 3869 liqna
359 3803 447 3872 parte
469 3796 568 3855 noctis
591 3805 778 3874 pugnaretur
808 3817 987 3875 semperque
1016 3797 1156 3857 hostibus
1184 3816 1256 3875 spes

256 3880 392 3940 victoriae
414 3880 684 3959 redintegraretur,
708 3903 744 3942 eo
766 3883 874 3959 magis,
898 3882 981 3957 quod
999 3881 1125 3942 deustos
1136 3884 1256 3961 pluteos

256 3965 384 4022 turrium
407 3967 562 4043 videbant,
584 3987 641 4027 nee
664 3967 756 4026 facile
779 3967 862 4026 adire
890 3975 1012 4045 apertos
1041 3967 1081 4026 ad
1110 3968 1256 4027 auxilian-

258 4045 329 4106 dum
352 4050 642 4127 animadvertebant,
665 4070 845 4130 semperque
866 4053 927 4130 ipsi
954 4060 1094 4112 recentes
1124 4052 1257 4112 defessis
