2967 4609
634 337 755 391 arena
772 338 795 394 1.
1054 407 1056 409 ,
1214 348 1233 405 7

200 533 377 591 niterentur.
430 530 530 601 Quare
553 551 591 590 ne
614 532 825 604 committeret,
854 537 888 589 ut
910 532 936 590 is
959 531 1054 606 loona,
1084 532 1137 589 ubi
1160 552 1231 592 con-

202 617 368 689 stitissent,
404 634 441 674 ex
470 616 657 675 calamitate*
674 617 780 693 populi
808 616 938 675 Romani
967 624 998 675 et
1024 617 1231 678 internecione

203 702 354 762 exercitus
376 720 486 761 nomen
509 708 631 779 caperet
654 708 706 760 aut
727 702 901 761 memoriam
924 702 1076 779 proderet.

285 785 373 846 XIV.
424 786 482 847 His
507 785 611 847 Caesar
632 787 675 846 ita
696 786 868 865 respondit:
903 786 950 846 Eo
973 786 1031 846 sibi
1053 787 1153 847 minus
1177 788 1231 847 du-

200 872 355 933 bitationis
378 871 459 947 dari,
494 871 574 947 quod
602 890 654 931 eas
677 891 736 947 res,
769 892 844 947 quas
872 872 965 948 legati
986 872 1122 943 Helvetii
1152 893 1231 933 com-

200 964 432 1033 memorassent,
465 959 609 1017 memoria
636 964 768 1032 teneret,
803 966 894 1033 atque
923 977 957 1017 eo
985 958 1110 1034 gravius
1141 957 1231 1034 ferre,
1300 995 1303 999 ‹

201 1064 259 1119 quo
299 1044 397 1103 minus
437 1044 543 1103 merito
576 1044 681 1121 populi
713 1043 844 1102 Romani
877 1042 1077 1117 accidissent,
1119 1044 1171 1119 qui
1204 1045 1231 1103 si

201 1128 328 1205 alicujus
355 1127 474 1204 injuriae
503 1129 562 1188 sibi
592 1128 732 1188 conscius
756 1127 876 1202 fuisset,
906 1148 967 1187 non
989 1127 1085 1187 luisse
1108 1128 1232 1189 difficile

200 1233 322 1287 cavere;
357 1213 413 1273 sed
436 1234 470 1274 eo
493 1214 668 1292 deceptum,
698 1214 780 1289 quod
806 1232 905 1289 neque
934 1213 1127 1273 commissum
1157 1236 1175 1273 a
1198 1233 1232 1273 se
1324 1248 1327 1254 ·

199 1300 398 1377 intelligeret,
433 1318 526 1375 quare
554 1300 688 1374 timeret,
722 1318 821 1374 neque
850 1300 916 1358 sine
944 1318 1036 1359 causa
1066 1300 1232 1359 timendum

198 1392 330 1463 putaret.
387 1384 476 1456 Quod
509 1386 536 1444 si
569 1385 682 1445 veteris
717 1384 907 1460 contumeliae
947 1383 1087 1445 oblivisci
1127 1385 1230 1459 vellet,

199 1490 271 1531 num
304 1470 394 1531 etiam
426 1471 593 1530 recentium
625 1470 819 1547 injuriarum,
860 1470 941 1545 quod
974 1490 1010 1530 eo
1042 1470 1138 1530 invito
1172 1471 1232 1530 iter

199 1576 254 1633 per
276 1556 463 1634 provinciam
485 1576 541 1633 per
562 1556 624 1616 vim
645 1562 831 1630 tentassent,
861 1555 944 1631 quod
965 1555 1118 1632 Haeduos,
1148 1556 1230 1632 quod

199 1642 382 1716 Ambarros,
410 1640 492 1717 quod
520 1642 704 1719 Allobrogas
732 1647 907 1715 vexassent,
935 1641 1110 1700 memoriam
1138 1641 1231 1719 depo·

199 1746 271 1787 nere
299 1726 413 1804 posse?
459 1726 548 1797 Quod
581 1746 637 1786 sua
670 1726 799 1786 victoria
831 1733 894 1785 tam
926 1726 1092 1785 insolenter
1119 1727 1230 1802 gloria·
1340 1744 1343 1749 ·

198 1820 317 1887 rentur,
353 1811 494 1888 quodque
522 1819 585 1871 tam
614 1812 666 1871 diu
696 1832 729 1871 se
751 1812 874 1889 impune
896 1810 1023 1887 injurias
1046 1811 1154 1870 tulisse
1177 1811 1229 1870 ad·

199 1898 395 1973 mirarentur,
422 1896 535 1959 eodem
562 1898 729 1975 pertinere,
766 1915 931 1957 consuesse
961 1898 1041 1955 enim
1077 1896 1151 1955 deos
1172 1896 1228 1955 im·

198 1983 356 2058 mortales,
390 2002 448 2058 quc
482 1984 605 2057 gravius
634 1982 770 2042 homines
798 2002 835 2041 ex
869 1982 1102 2041 commutatione
1129 2002 1230 2041 rerum

199 2068 334 2144 doleant,
370 2086 446 2144 quos
474 2088 534 2145 pro
563 2068 678 2129 scelere
707 2088 810 2128 eorum
838 2067 945 2127 ulcisci
973 2068 1078 2143 velint,
1112 2067 1150 2127 iis
1182 2086 1229 2127 se-

198 2154 357 2213 cundiores
387 2152 538 2213 interdum
560 2174 610 2213 res
634 2161 664 2213 et
686 2153 905 2213 diuturniorem
927 2153 1136 2231 impunitatem
1159 2173 1228 2212 con-

198 2238 315 2299 cedere.
373 2239 472 2310 Quum
505 2258 542 2299 ea
574 2238 617 2298 ita
646 2238 722 2314 sint,
757 2246 873 2314 tamen,
908 2238 934 2298 si
968 2239 1091 2298 obsides
1125 2240 1164 2297 ab
1192 2238 1229 2297 iis

199 2325 258 2383 sibi
280 2325 404 2399 dentur,
434 2324 479 2383 uti
502 2345 550 2399 ea,
581 2344 648 2401 quae
671 2324 881 2402 polliceantur,
910 2322 1045 2383 facturos
1067 2324 1228 2401 intelligat,

200 2417 230 2469 et
263 2410 289 2469 si
322 2409 451 2469 Haeduis
486 2410 523 2469 de
557 2410 690 2486 injrniis,
726 2429 803 2484 quas
835 2409 911 2487 ipsis
945 2409 1096 2485 sociisque
1127 2429 1231 2467 eorum

198 2496 363 2570 intulerint,
397 2495 470 2555 item
503 2495 529 2555 si
562 2495 780 2571 Allobrogibus
814 2492 1021 2568 satisfaciant,
1056 2512 1125 2552 sese
1160 2507 1253 2551 cum·

198 2580 236 2639 iis
263 2600 370 2659 pacem
399 2600 467 2641 esse
497 2580 657 2643 facturum.
708 2579 819 2640 Divico
840 2577 1013 2656 respondit:
1043 2577 1093 2637 Ita
1114 2577 1228 2637 Helve-

199 2666 257 2725 tios
286 2688 304 2725 a
331 2666 496 2743 majoribus
525 2667 588 2726 suis
616 2664 774 2724 institutos
803 2683 886 2739 esse,
920 2664 983 2747 utin·
999 2662 1122 2723 obsides
1150 2663 1229 2723 acci-

198 2770 286 2828 pere,
314 2772 376 2810 non
404 2751 477 2812 dare
500 2751 689 2825 consuerint3
726 2749 793 2827 ejus
821 2750 866 2809 rei
892 2749 1038 2827 populum
1059 2749 1230 2808 Romanum

199 2855 267 2897 esse
289 2844 408 2896 testem.
454 2837 522 2896 Hoc
544 2855 690 2914 responso
714 2835 786 2895 dato
810 2835 961 2895 discessit.

283 2922 354 2981 XV.
399 2923 526 2982 Postero
556 2922 604 2981 die
633 2928 734 2981 castra
757 2940 794 2979 ex
817 2940 852 2979 eo
875 2921 941 2979 loco
964 2926 1095 2980 movent.
1141 2919 1230 2978 Idem

197 3006 272 3071 facit
293 3006 399 3067 Caesar
421 3009 648 3085 equitatumque
670 3026 804 3081 omnem,
835 3005 873 3065 ad
901 3024 1058 3065 numemm
1087 3010 1230 3081 quattuor

197 3092 325 3167 milium,
355 3113 444 3169 quem
467 3114 504 3152 ex
527 3093 607 3152 omni
628 3092 785 3170 provincia
808 3098 840 3151 et
861 3090 989 3150 Haeduis
1013 3098 1103 3165 atque
1127 3109 1230 3149 eorum

198 3176 289 3237 sociis
312 3186 450 3238 eoactum
472 3179 620 3255 habebat,
649 3176 821 3255 praemittit,
851 3176 903 3251 qui
925 3175 1063 3249 videant,
1094 3192 1170 3249 quas
1198 3174 1230 3232 in

196 3270 301 3341 partes
335 3264 440 3323 hostes
473 3264 531 3323 iter
570 3262 692 3323 faciant.
761 3261 821 3333 Qui
860 3260 998 3338 cupidius
1031 3259 1228 3319 novissimum

198 3368 307 3425 agmen
344 3348 474 3409 insecuti
511 3348 608 3409 alieno
648 3349 713 3408 lcco
749 3367 817 3406 cum
850 3346 986 3421 equitatu
1019 3344 1231 3419 Helvetiorum

196 3434 337 3512 proelium
365 3436 570 3509 committunt,
605 3440 635 3495 et
663 3432 754 3511 pauci
782 3432 820 3491 de
847 3430 961 3491 nostris
984 3430 1105 3490 cadunt.
1163 3430 1229 3502 Quo

196 3520 304 3597 proelio
334 3520 446 3581 sublati
472 3520 622 3595 Helvetii,
657 3518 738 3594 quod
772 3516 946 3594 quingentis
980 3516 1133 3592 equitibus
1162 3523 1230 3575 tan·

196 3611 260 3663 tam
292 3604 515 3665 multitudinem
548 3606 682 3681 equiturn
719 3604 932 3682 propulerant,
973 3601 1119 3662 audacius
1158 3602 1230 3660 sub-

197 3691 322 3765 sistere,
362 3710 577 3767 nonnunquam
614 3710 651 3749 ex
683 3688 850 3749 novissimo
884 3687 1003 3765 agmine
1035 3687 1142 3765 proelio
1176 3705 1230 3744 uo-

196 3783 278 3835 strcs
308 3777 461 3837 lacessere
483 3783 650 3853 coeperunt.
704 3773 809 3833 Oaesar
831 3792 903 3832 suos
926 3794 944 3832 a
965 3773 1073 3849 proelio
1096 3771 1229 3831 contine·

195 3863 251 3920 bat
279 3881 315 3921 ac
344 3862 419 3921 satis
447 3862 581 3921 habebat
614 3862 646 3919 iu
678 3859 844 3938 praesentia
875 3859 995 3917 hostem
1028 3856 1143 3934 rapinis
1176 3876 1229 3933 pa·

93 4018 98 4025 .
195 3946 464 4024 bulationibusque
497 3946 666 4025 prohibere.
722 3946 774 4003 Ita
808 3943 873 4002 dies
907 3942 1028 4002 circiter
1057 3940 1230 4017 quindecim

195 4032 256 4091 iter
284 4031 436 4107 fecerunt,
470 4033 516 4091 uti
548 4033 628 4091 inter
660 4030 859 4091 novissimum
891 4026 1022 4086 hostium
1057 4046 1166 4105 agmen
1199 4033 1230 4086 et
