2967 4609
229 344 269 401 70
539 335 592 389 DII
610 332 737 387 BELLO
756 333 926 389 GALLIGO

227 538 279 589 tur
302 537 342 605 et,
366 550 434 605 quae
457 528 497 588 ad
520 548 572 587 eas
595 548 645 587 res
669 536 757 587 erant
778 529 863 603 usui,
893 549 931 587 ex
960 527 1126 587 continenti
1154 547 1234 587 com-

118 616 121 621 ’
160 662 162 667 .
228 616 344 693 portari
362 615 501 691 jubebat.
535 616 646 690 Itaque
670 634 763 689 quum
785 634 902 693 summo
925 614 1026 672 studio
1050 634 1068 671 a
1088 612 1235 671 militibus

229 700 501 774 administraretur,
514 699 583 758 XII
594 700 725 759 navibus
749 700 879 775 amissIs,
902 700 1027 774 reliquis
1045 705 1081 757 ut
1096 699 1236 776 navigari

230 786 388 845 commode
411 792 527 863 posset,
552 784 662 845 effecit.

315 871 458 930 XXXII.
503 870 586 929 Dum
609 890 644 929 ea
671 877 830 946 geruntur,
860 869 980 945 legione
1008 889 1046 928 ex
1075 875 1235 929 consuetu-

229 957 299 1015 dine
322 978 383 1015 una
405 956 624 1015 frumentatum
646 956 749 1029 missa,
774 975 842 1031 quae
866 955 1078 1033 appellabatur
1095 954 1235 1031 septima,

228 1062 327 1117 neque
361 1042 424 1100 ulla
452 1040 491 1101 ad
535 1041 567 1099 id
600 1050 720 1119 tempus
748 1035 822 1099 belli
852 1040 1024 1118 suspicione
1046 1040 1235 1117 interposita,

229 1148 321 1203 quum
343 1146 416 1205 pars
438 1126 593 1185 hominum
615 1127 647 1185 in
670 1126 753 1203 agris
775 1132 962 1199 remaneret,
991 1145 1064 1202 pars
1093 1125 1184 1183 etiam
1205 1125 1237 1183 in

229 1219 331 1271 castra
348 1212 523 1286 ventitaret,
547 1212 577 1287 ii,
602 1212 653 1287 qui
676 1231 731 1288 pro
753 1212 851 1289 portis
864 1217 1033 1270 castrorum
1054 1211 1086 1269 in
1105 1211 1236 1269 statione

229 1304 324 1371 erant,
361 1296 476 1356 Oaesari
514 1298 731 1357 nuntiaverunt
763 1297 921 1374 pulverem
953 1296 1112 1372 majorem,
1147 1316 1237 1371 quam

229 1383 419 1443 consuetudo
441 1381 546 1456 ferret,
570 1383 602 1441 in
625 1402 661 1440 ea
683 1389 771 1460 parte
794 1382 906 1456 videri,
942 1402 1033 1456 quam
1060 1381 1092 1439 in
1119 1388 1237 1459 partem

228 1468 307 1545 legio
331 1468 390 1527 iter
417 1466 553 1525 fecisset.
611 1466 715 1526 Oaesar
744 1467 790 1541 id,
826 1466 908 1542 quod
937 1473 1017 1540 erat,
1051 1467 1236 1544 suspicatus,

208 1553 343 1629 ¹aliquid
371 1554 444 1613 novi
472 1574 490 1611 a
522 1553 663 1612 barbaris
690 1553 800 1611 initum
828 1551 956 1626 consilii,
987 1552 1138 1626 cohortari,
1169 1572 1237 1627 quae

227 1640 259 1697 in
282 1638 466 1697 stationibus
500 1636 597 1714 era'nt,
632 1658 738 1698 secum
770 1638 803 1697 in
837 1658 904 1697 eam
934 1645 1053 1715 partem
1075 1637 1236 1715 proficisci,

228 1744 265 1783 ex
287 1724 413 1799 reliquis
437 1723 513 1783 duas
536 1724 567 1782 in
597 1724 760 1783 stationem
788 1724 929 1783 cohortes
952 1723 1134 1799 succedere,
1168 1724 1237 1782 reli-

229 1830 305 1885 quas
334 1810 445 1868 armari
468 1816 499 1867 et
528 1808 689 1868 confestim
718 1829 788 1869 sese
818 1810 965 1885 subsequi
988 1807 1091 1885 jussit.
1138 1808 1238 1880 Quum

226 1896 317 1973 paulo
341 1895 463 1971 longius
493 1915 511 1953 a
541 1894 651 1954 castris
678 1895 898 1972 processisset,
929 1913 1001 1953 suos
1032 1895 1070 1953 ab
1098 1894 1238 1953 hostibus

227 1981 324 2058 premi
364 1987 455 2055 atque
495 1999 576 2056 aegre
620 1981 772 2039 sustinere
806 1986 837 2039 et
867 1979 1006 2039 conserta
1043 1980 1163 2055 legione
1202 2000 1240 2037 ex

229 2066 368 2124 omnibus
392 2065 531 2141 partibus
555 2065 617 2124 tela
640 2065 753 2141 conjici
775 2065 1001 2125 animadvertit.
1050 2064 1130 2123 Nam
1158 2065 1240 2140 quod

230 2151 311 2209 omni
341 2170 379 2208 ex
407 2150 533 2224 reliquis
560 2151 701 2227 partibus
731 2150 871 2209 demesso
899 2150 1052 2209 frumento
1079 2163 1152 2228 pars
1179 2172 1239 2209 una

229 2242 295 2294 erat
316 2235 444 2310 reliqua,
479 2236 627 2312 suspicati
655 2236 761 2295 hostes
794 2236 854 2294 huc
887 2243 1009 2295 nostros
1041 2255 1110 2295 esse
1132 2245 1239 2296 ventu·

228 2340 289 2395 ros,
312 2328 406 2379 noctu
428 2320 460 2379 in
483 2321 569 2381 silvis
592 2321 790 2395 delituerant;
820 2328 885 2379 tum
915 2321 1086 2399 dispersos,
1118 2321 1238 2399 deposi-

228 2406 269 2465 tis
303 2406 394 2465 armis
422 2406 454 2463 in
490 2407 631 2466 metendo
668 2414 833 2485 occupatos
862 2407 964 2466 subito
988 2406 1102 2480 adorti,
1131 2408 1238 2485 paucis

228 2490 400 2551 interfectis
439 2492 574 2568 reliquos
613 2493 738 2551 incertis
773 2492 930 2552 ordinibus
969 2494 1238 2570 perturbaverant,

228 2576 318 2635 simul
341 2576 479 2652 equitatu
502 2585 593 2653 atque
616 2578 735 2637 essedis
759 2578 1032 2637 circumdederant.

314 2662 476 2721 XXXIII.
522 2663 627 2723 Genus
649 2664 706 2722 hoc
730 2670 838 2721 estex
861 2663 978 2721 essedis
990 2683 1117 2739 pugnae:
1141 2663 1238 2740 primo

227 2768 283 2827 per
306 2766 411 2807 omnes
433 2754 537 2825 partes
570 2749 765 2826 perequitant
798 2755 829 2805 et
861 2748 924 2806 tela
952 2748 1118 2823 conjiciunt
1148 2755 1239 2824 atque

227 2833 295 2911 ipso
323 2838 441 2892 terrore
472 2854 619 2909 equorum
653 2840 683 2891 et
713 2833 842 2909 strepitu
871 2839 1007 2890 rotarum
1030 2832 1152 2891 ordines
1175 2834 1238 2910 ple-

228 2938 355 2993 rumque
383 2920 565 2996 perturbant
593 2925 638 2993 et,
669 2938 761 2993 quum
790 2936 823 2975 se
851 2917 932 2975 inter
960 2917 1095 2992 equitum
1121 2926 1239 2978 turmas

227 3004 469 3079 bisinuaverunt,
494 3024 531 3063 ex
559 3003 677 3062 essedis
706 3002 851 3061 desiliunt
881 3009 912 3061 et
937 3002 1068 3080 pedibus
1095 3004 1238 3081 proelian-

228 3096 287 3147 tur.
333 3088 459 3167 Aurigae
489 3088 611 3149 interim
638 3088 786 3167 paulatim
815 3108 853 3147 ex
883 3088 991 3166 proelio
1020 3089 1172 3149 excedunt
1194 3097 1238 3149 at·

229 3194 289 3250 que
318 3176 362 3233 ita
386 3194 493 3233 currus
523 3174 688 3249 collocant,
723 3181 767 3249 ut,
792 3174 819 3233 si
845 3174 890 3233 illi
919 3195 937 3233 a
964 3174 1157 3233 multitudine
1184 3176 1238 3234 ho·

229 3261 321 3319 stium
342 3267 530 3338 premantur,
555 3260 730 3339 expeditum
753 3260 793 3318 ad
815 3279 888 3319 suos
910 3267 1067 3337 receptum
1095 3260 1237 3320 babeant.

228 3345 279 3403 Ita
301 3346 502 3405 mobilitatem
525 3347 669 3422 equitum,
694 3345 894 3404 stabilitatem
915 3346 1052 3423 peditum
1074 3346 1106 3404 in
1122 3347 1238 3424 proeliis

228 3437 388 3508 praestant,
413 3438 589 3490 astantum
610 3452 669 3491 usu
698 3430 873 3506 quotidiano
901 3436 931 3489 et
954 3431 1171 3491 exercitatione
1193 3431 1237 3491 ef·

229 3514 345 3589 ficiunt,
370 3516 415 3573 uti
442 3516 474 3574 in
497 3516 608 3577 declivi
637 3537 672 3576 ao
695 3516 847 3593 praecipiti
874 3516 942 3575 loco
969 3516 1113 3576 incitatos
1144 3537 1238 3592 equos

231 3601 383 3659 sustinere
406 3606 437 3659 et
458 3601 546 3663 brevi
567 3602 718 3661 moderari
741 3622 777 3659 ac
799 3599 922 3660 flectere
952 3608 983 3660 et
1011 3622 1067 3680 per
1088 3610 1238 3661 temonem

229 3705 410 3764 percurrere
444 3692 475 3745 et
507 3688 540 3746 in
564 3688 640 3765 jugo
673 3687 816 3746 insistere
849 3693 881 3745 et
909 3705 943 3745 se
970 3686 1041 3745 inde
1069 3688 1101 3746 in
1130 3708 1238 3750 currus

231 3772 377 3831 citissime
399 3772 535 3849 recipere
558 3773 740 3833 consverint.

317 3856 471 3916 XXXIV.
519 3858 637 3929 Quibus
664 3858 766 3931 rebus,
795 3857 982 3933 perturbatis
1010 3857 1124 3917 nostris
1152 3858 1237 3919 novi-

231 3949 294 4000 tate
327 3962 456 4020 pugnae,
495 3950 631 4020 tempore
665 3942 921 4019 opportunissimo
957 3941 1061 4001 Caesar
1094 3944 1239 4003 auxilium

231 4026 315 4100 tulit,
339 4047 470 4101 namque
498 4027 566 4104 ejus
600 4028 732 4088 adventu
759 4027 865 4086 hostes
896 4028 1111 4104 constiterunt,
1140 4030 1238 4089 nostri
