2967 4609
286 345 347 403 156
588 335 641 389 DE
658 332 787 388 BELLO
807 331 985 388 GALLIGO.

283 539 418 611 pectant
468 531 601 590 Maxime
634 530 674 588 ad
706 529 879 606 superiores
911 526 1094 587 munitiones
1120 527 1290 602 laboratur,

285 639 343 695 quo
371 616 692 676 Vercassivellaunum
719 615 846 674 missum
878 613 1163 674 demonstravimus.
1214 613 1291 672 Exi-

284 723 377 782 guum
399 703 458 762 loci
481 702 521 761 ad
541 701 747 763 declivitatem
768 699 925 776 fastigium
946 719 1089 776 magnum
1110 699 1204 758 habet
1224 719 1289 757 mo-

285 796 428 848 mentum.
462 788 525 847 Alii
541 788 604 846 tela
620 785 795 863 conjiciunt,
816 785 867 844 alii
878 785 1033 845 testudine
1044 784 1129 843 facta
1140 785 1288 859 subeunt,

286 874 464 952 defatigatis
475 874 506 932 in
516 874 616 933 vicem
628 873 740 950 integri
753 871 929 931 succedunt.
963 871 1069 948 Agger
1081 870 1284 941 abuniversis

284 962 317 1020 in
338 961 535 1020 munitionem
557 958 714 1035 conjectus
744 965 774 1018 et
803 975 964 1016 ascensum
992 957 1044 1015 dat
1067 955 1165 1018 Gallis
1188 963 1219 1016 et
1240 976 1289 1032 ea,

287 1067 356 1122 quae
378 1047 514 1106 interra
537 1045 765 1104 occultaverant
794 1042 933 1118 Romani,
964 1043 1111 1119 contegit3
1141 1061 1198 1102 nec
1222 1041 1291 1117 jam

285 1153 369 1192 arma
390 1132 504 1191 nostris
525 1128 588 1189 neo'
605 1131 687 1189 vires
710 1136 885 1208 suppetunt.

371 1216 552 1277 LXXXVI.
586 1214 646 1274 His
667 1215 760 1274 rebus
783 1215 912 1292 cognitis
926 1213 1030 1273 Oaesar
1040 1213 1208 1272 Labienum
1220 1233 1292 1272 eum

286 1303 461 1362 cohortibus
484 1321 538 1361 sex
561 1300 698 1360 subsidio
720 1301 930 1360 laborantibus
952 1299 1061 1373 mittit余
1090 1300 1228 1376 imperat,
1263 1299 1291 1358 si

287 1389 438 1448 sustinere
459 1408 521 1446 non
536 1387 644 1464 possit,
667 1385 809 1446 deductis
837 1386 1012 1446 cohortibus
1037 1385 1195 1462 eruptione
1211 1405 1291 1462 pug-

286 1481 348 1544 net,
371 1474 412 1548 id,
434 1474 495 1533 nisi
516 1472 700 1548 necessario,
731 1493 771 1532 ne
798 1471 902 1530 faciat.
958 1471 1031 1549 Ipse
1054 1471 1118 1530 adit
1139 1471 1290 1546 reliquos3

290 1560 474 1634 cohortatur,
507 1579 547 1618 ne
576 1559 675 1616 labori
696 1559 911 1631 succumbant3
948 1557 1079 1616 onmium
1101 1556 1292 1634 superiorum

288 1645 514 1705 dimicationum
535 1643 668 1702 finctum
690 1644 722 1702 in
746 1664 780 1703 eo
803 1643 852 1702 die
882 1649 973 1719 atque
999 1643 1075 1701 hora
1101 1642 1191 1701 docet
1219 1661 1291 1700 con-

288 1733 408 1791 sistere.
453 1731 619 1790 Interiores
643 1729 814 1807 desperatis
843 1729 1066 1806 campestribus
1095 1727 1172 1786 locis
1199 1748 1290 1805 prop-

285 1825 333 1877 tor
365 1816 604 1894 magnitudinem
632 1815 833 1874 munitionum
866 1815 934 1874 loca
971 1820 1128 1893 praerupta
1161 1831 1292 1872 escensu

285 1910 418 1977 tentant余
441 1903 502 1962 huc
524 1922 569 1977 ea,
594 1921 661 1978 quae
683 1908 877 1979 paraverant,
899 1899 1072 1974 conferunt,
1096 1897 1292 1958 multitudine

286 1989 416 2048 telorum
439 2008 476 2046 ex
497 1989 632 2046 turribus
653 1993 882 2065 propugnantes
911 1985 1088 2059 deturbant余
1120 2003 1231 2062 aggere
1261 1991 1293 2042 et

289 2073 425 2132 cratibus
446 2073 548 2132 fossas
572 2073 711 2150 explent,
735 2072 867 2131 falcibus
896 2072 1009 2132 vallum
1032 2089 1068 2130 ac
1096 2071 1220 2130 loricam
1242 2090 1292 2129 re-

290 2159 441 2222 scindunt.

353 2243 570 2304 LXXXVII.
614 2244 710 2302 Mittit
727 2244 823 2321 primo
834 2242 964 2301 Brutum
981 2242 1204 2302 adolescentem
1221 2261 1291 2300 oum

285 2330 461 2389 cohortibus
485 2329 605 2404 Caesar,
638 2337 710 2407 post
738 2348 807 2388 curn
829 2328 897 2387 aliis
922 2328 958 2388 G.
983 2327 1111 2386 Fabium
1133 2328 1289 2404 legatum余

284 2423 439 2494 postremo
467 2417 549 2494 ipse,
582 2436 674 2491 quum
695 2414 905 2474 vehementius
927 2420 1127 2492 pugnaretur,
1150 2414 1289 2490 integros

286 2501 423 2561 subsidio
446 2502 579 2561 adducit.
613 2501 768 2560 Restituto
791 2500 898 2578 proelio
923 2521 958 2558 ac
980 2499 1111 2578 repulsis
1136 2499 1288 2572 hostibus,

286 2607 331 2664 eo,
356 2608 415 2664 quo
427 2587 596 2647 Labienum
618 2588 752 2662 miserat,
783 2585 948 2662 contendit,
977 2586 1117 2645 cohortes
1147 2591 1292 2661 quattuor

285 2693 323 2732 ex
345 2675 482 2751 proximo
507 2672 634 2732 castello
658 2672 795 2746 deducit3
820 2671 955 2746 equitum
983 2679 1101 2748 partem
1129 2690 1162 2729 se
1192 2671 1290 2746 sequi,

287 2766 407 2836 partem
445 2758 604 2817 circumire
640 2758 806 2816 exteriores
845 2757 1027 2816 munitiones
1069 2764 1098 2816 et
1132 2757 1169 2815 ab
1202 2763 1291 2831 tergo

283 2845 389 2903 hostes
412 2843 524 2902 adoriri
532 2843 630 2921 jubet.
665 2843 830 2914 Labienus,
854 2849 1016 2919 postquam
1038 2862 1137 2918 neque
1160 2851 1291 2918 aggeres

284 2949 384 3004 neque
417 2928 509 2988 iussae
542 2930 605 2989 vim
637 2929 771 2987 hostium
804 2928 955 2988 sustinere
988 2935 1139 3007 poterant,
1175 2927 1291 2986 coactis

286 3035 346 3074 una
367 3014 418 3073 XI
446 3015 636 3090 cohortibus,
666 3034 742 3089 quas
773 3033 811 3072 ex
832 3014 979 3092 proximis
1000 3013 1153 3092 praesidiis
1176 3013 1291 3071 deduc-

284 3108 333 3160 tas
355 3099 420 3160 fors
443 3101 562 3175 obtulit,
588 3100 741 3160 Caesarem
773 3120 828 3178 per
860 3100 985 3159 nuntios
1014 3099 1090 3159 facit
1119 3099 1291 3172 certiorem,

285 3187 359 3264 quid
380 3186 557 3246 faciendum
579 3186 740 3245 existimet.
785 3185 948 3246 Accelerat
976 3185 1089 3260 Caesar,
1118 3192 1152 3244 ut
1181 3183 1291 3262 proelio

284 3273 414 3332 intersit.

370 3358 588 3418 LXXXVIII.
622 3358 701 3433 Ejus
724 3357 859 3417 adventu
882 3377 919 3416 ex
943 3356 1042 3416 colore
1065 3355 1195 3418 vestitus
1219 3375 1292 3430 cog-

285 3444 350 3502 nito
385 3441 453 3519 [quo
487 3443 599 3520 insigni
627 3443 659 3501 in
688 3443 804 3521 proeliis
840 3443 885 3501 uti
915 3440 1087 3515 consuerat]
1120 3441 1292 3516 turmisque

285 3529 421 3605 equitum
443 3536 473 3588 et
495 3528 670 3588 cohortibus
692 3529 777 3604 visis,
802 3547 878 3604 quas
907 3547 941 3586 se
969 3529 1056 3604 sequi
1074 3528 1226 3604 jusserat,
1255 3533 1293 3584 ut

285 3615 324 3674 de
351 3614 427 3674 locis
451 3614 656 3693 superioribus
679 3615 746 3674 haeo
769 3614 914 3675 declivia.
929 3621 961 3672 et
983 3613 1101 3674 devexa
1123 3613 1292 3672 cerneban-

283 3709 344 3776 tur,
367 3700 472 3759 hostes
496 3701 639 3778 proelium
663 3701 864 3758 committunt.
909 3699 1060 3775 Utrinque
1072 3700 1203 3758 clambre
1217 3699 1291 3757 sub-

284 3787 347 3846 lato
370 3785 484 3864 excipit
504 3805 611 3844 rursus
640 3805 678 3844 ex
710 3785 790 3845 vallo
822 3791 913 3863 atque
947 3785 1085 3844 omuibus
1118 3782 1292 3844 munitioni-

284 3873 344 3931 bus
367 3871 488 3931 clamor.
532 3870 639 3930 Nostri
668 3871 790 3930 omissis
822 3871 894 3949 pilis
926 3870 1038 3947 gladiis
1070 3891 1135 3938 rom
1168 3876 1291 3946 gerimt.

284 3957 426 4034 Repente
453 3964 525 4034 post
550 3963 671 4032 tergum
700 3957 853 4032 equitatus
883 3956 1025 4031 cernitur,
1057 3956 1197 4015 cohortes
1220 3955 1291 4015 aliae

287 4042 540 4119 appropinquant,
575 4042 681 4101 hostes
714 4050 803 4119 terga
832 4049 965 4117 vortunt,
995 4040 1184 4119 fugientibus
1207 4041 1292 4118 equi-
