2967 4609
639 346 760 399 nmen
778 346 832 401 m.
1195 357 1235 415 53

233 542 407 619 provinciae,
441 540 575 619 finitimae
607 541 654 601 his
683 542 867 619 regionibus
896 543 1073 602 nominatim
1101 546 1237 604 evocatis

226 629 264 687 in
287 627 457 686 Sentiatum
477 626 554 687 fines
576 628 740 686 exercitum
762 628 937 709 introduxit.
984 628 1079 705 Cujus
1102 630 1238 690 adventu

234 714 354 791 cognito
389 712 541 772 Sentiates
580 714 698 789 magnis
738 714 833 791 copiis
873 715 987 773 coactis
1029 716 1235 793 equitatuque,

53 798 64 816 ‘
160 846 168 867 ,
234 819 292 874 quo
314 799 475 876 plurimum
496 799 649 874 valebant,
671 800 703 857 in
724 799 832 859 itinere
852 821 960 877 agmen
977 807 1115 859 nostrum
1138 802 1237 861 adorti

233 886 362 963 primum
395 891 536 959 equestre
568 885 707 961 proelium
741 886 969 962 commiserunt,
1010 886 1119 946 deinde
1153 889 1236 962 equi-

232 978 299 1029 tatu
321 991 376 1029 suo
398 970 486 1047 pulso
510 976 601 1046 atque
625 971 855 1045 insequentibus
882 972 996 1031 nostris
1021 973 1120 1032 subito
1143 973 1236 1051 pede-

234 1064 312 1115 stres
335 1057 448 1133 copiae,
479 1075 554 1130 quas
582 1056 613 1114 in
636 1058 773 1116 convalle
800 1058 832 1116 in
853 1058 972 1117 insidiis
1002 1059 1234 1134 collocaverant,

234 1142 439 1213 ostenderunt.
494 1142 536 1201 Hi
568 1148 692 1201 nostros
721 1142 867 1219 disjectos
897 1144 993 1202 adorti
1021 1144 1161 1222 proelium
1189 1166 1236 1203 re·

232 1234 392 1287 noverunt.

318 1312 410 1371 XXI.
454 1314 626 1390 Pugnatum
648 1319 696 1371 est
718 1313 770 1371 diu
794 1320 884 1390 atque
908 1314 1026 1390 acriter,
1050 1336 1140 1391 quum
1160 1315 1235 1375 Son-

233 1399 333 1475 tiates,
363 1400 569 1476 superioribus
596 1399 732 1459 victoriis
755 1399 835 1475 freti,
864 1401 896 1458 in
924 1421 980 1460 sua
1007 1402 1120 1462 virtute
1142 1403 1236 1461 totius

233 1486 405 1561 Aquitaniae
429 1486 558 1544 salutem
579 1486 710 1563 positam
730 1492 882 1563 putarent,
906 1488 1003 1546 nostri
1025 1494 1135 1562 autem,
1164 1488 1237 1563 quid

234 1573 299 1631 sine
326 1572 508 1648 imperatore
537 1578 568 1630 et
600 1571 665 1629 sine
698 1572 824 1646 reliquis
856 1572 1027 1649 legionibus
1061 1574 1237 1633 adolescen-

233 1658 296 1716 tulo
325 1657 402 1715 duce
431 1655 553 1716 efficere
579 1663 722 1734 possent,
756 1658 888 1734 perspici
919 1666 1078 1735 cuperent3
1113 1659 1237 1718 tandem

235 1742 366 1801 confecti
399 1742 575 1803 vulneribus
614 1742 718 1801 hostes
759 1750 847 1819 terga
879 1750 1045 1802 verterunt.
1103 1743 1237 1815 Quorum

233 1849 342 1906 magno
376 1849 499 1887 numero
528 1827 688 1898 interfecto
721 1827 851 1887 Crassus
886 1849 922 1887 ex
955 1830 1063 1888 itinere
1093 1830 1237 1907 oppidum

235 1914 404 1973 Sontiatum
438 1934 613 1992 oppugnare
648 1914 748 1991 coepit.
801 1913 918 1985 Quibus
946 1914 1066 1974 fortiter
1093 1916 1236 1974 resisten-

234 2000 315 2059 tibus
338 2000 443 2059 vineas
465 2007 625 2075 turresque
648 2000 719 2077 egit.
761 2000 813 2059 Illi
836 2001 911 2059 alias
934 2002 1091 2079 eruptione
1108 2008 1236 2077 tentata,

235 2086 310 2145 alias
341 2086 486 2144 cuniculis
518 2086 557 2145 ad
590 2106 731 2161 aggerem
760 2086 925 2164 vineasque
955 2087 1031 2145 actis
1066 2086 1165 2164 (cujus
1193 2088 1238 2146 rei

236 2178 306 2231 sunt
332 2170 422 2247 longe
449 2171 626 2249 peritissimi
648 2171 804 2246 Aquitani,
833 2180 995 2250 propterea
1024 2173 1119 2248 quod.
1133 2173 1237 2233 multis

234 2258 309 2317 locis
333 2257 413 2334 apud
441 2276 493 2315 eos
517 2258 631 2317 aerariae
663 2264 852 2333 secturaeque
881 2257 972 2334 sunt),
1000 2260 1052 2317 ubi
1081 2259 1238 2336 diligentia

234 2350 405 2403 nostrorum
437 2343 512 2401 nihil
544 2344 591 2401 his
624 2344 716 2402 rebus
750 2343 857 2421 profici
889 2364 981 2422 posse
1014 2345 1237 2420 intellexerunt,

234 2429 352 2505 legatos
376 2428 415 2487 ad
438 2428 583 2488 Crassum
605 2428 736 2504 mittunt,
762 2448 855 2503 seque
877 2430 908 2486 in
932 2429 1115 2487 deditionem
1137 2437 1172 2487 ut
1190 2450 1237 2487 re-

236 2515 336 2592 cipiat,
365 2521 482 2591 petunt.
543 2514 610 2587 Qua
643 2534 676 2573 re
708 2515 871 2591 impetrata
899 2535 982 2572 arma
1009 2514 1130 2573 tradere
1154 2514 1238 2590 jussi
1346 2583 1347 2586 Ἴ

235 2600 360 2659 faciunt.

320 2685 430 2745 XXII.
474 2685 577 2761 Atque
598 2686 630 2743 in
653 2681 689 2744 ea
710 2705 743 2743 re
767 2685 897 2744 omnium
918 2692 1091 2745 nostrorum
1113 2686 1237 2744 intentis

237 2772 352 2847 animis,
384 2772 443 2830 alia
471 2791 508 2830 ex
535 2778 622 2850 parte
651 2771 755 2849 oppidi
775 2771 989 2847 Adiatumnus,
1018 2773 1070 2848 qui
1092 2792 1238 2831 summam

236 2858 353 2935 imperii
374 2858 508 2933 tenebat,
538 2877 605 2916 cum
628 2858 781 2917 sexcentis
805 2857 933 2933 devotis,
965 2878 1040 2934 quos
1063 2859 1108 2917 illi
1130 2858 1238 2917 Soldu-

237 2943 297 3003 rios
326 2943 481 3020 appellant
510 2942 648 3017 (quorum
681 2945 748 3002 haec
776 2950 824 3002 est
857 2944 1003 3019 condicio,
1037 2951 1072 3003 ut
1100 2945 1238 3003 omnibus

237 3030 268 3087 in
299 3030 364 3089 vita
398 3028 561 3087 commodis
595 3050 655 3087 una
689 3050 758 3089 cum
789 3030 827 3087 iis
861 3028 1010 3105 fruantur,
1045 3050 1171 3105 quorum
1206 3048 1239 3088 se

239 3114 377 3173 amicitiae
406 3114 589 3189 dediderint;
626 3115 652 3173 si
675 3114 748 3189 quid
779 3116 818 3173 iis
845 3134 901 3191 per
927 3111 989 3174 vim
1023 3114 1151 3187 accidat,
1187 3121 1241 3172 aut

239 3200 365 3259 eundem
388 3220 491 3259 casum
513 3221 574 3259 una
595 3200 704 3276 ferant,
730 3207 782 3259 aut
804 3200 863 3259 sibi
884 3206 1012 3259 mortem
1029 3200 1238 3274 consciscant;
1329 3224 1331 3228 ¹

237 3306 336 3361 neque
357 3285 455 3345 adhuc
477 3274 638 3345 homimum
660 3286 804 3344 memoria
831 3292 971 3362 repertus
995 3292 1042 3344 est
1070 3286 1238 3361 quisquam,

239 3372 289 3447 qui
323 3391 357 3431 eo
391 3370 562 3447 interfecto,
598 3371 685 3448 cujus
713 3391 747 3429 se
775 3370 915 3430 amicitiae
945 3371 1129 3446 devovisset,
1164 3372 1240 3430 mori
1338 3390 1342 3395 ’

238 3456 413 3533 recusaret),
443 3477 511 3516 cum
537 3458 585 3517 his
612 3458 816 3516 Adiatumnus
844 3457 1032 3534 eruptionem
1058 3455 1161 3516 facere
1191 3478 1240 3517 co-

238 3550 326 3602 natus
355 3543 485 3602 clamore
515 3545 552 3602 ab
587 3563 623 3602 ea
654 3549 741 3620 parte
774 3542 948 3602 munitionis
983 3543 1113 3618 sublate,
1147 3563 1239 3619 quum

239 3628 277 3687 ad
305 3649 388 3688 arma
413 3628 524 3687 milites
553 3629 779 3688 concurrissent
811 3630 1065 3705 vehementerque
1092 3630 1135 3687 ibi
1163 3650 1239 3705 pug-

238 3721 342 3773 natum
364 3720 454 3789 esset,
477 3714 618 3792 repulsus
640 3715 672 3773 in
695 3714 838 3791 oppidum
865 3723 967 3775 tamen
987 3717 1033 3774 uti
1055 3714 1160 3773 eadem
1188 3714 1240 3773 de-

240 3798 359 3859 ditionis
382 3799 559 3859 condicione
580 3807 725 3876 uteretur,
750 3803 787 3860 ab
813 3800 923 3860 Crasso
946 3800 1130 3879 impetravit.

322 3886 451 3945 XXIII.
503 3886 605 3945 Annis
639 3886 858 3963 obsidibusque
885 3887 1020 3964 acceptis
1049 3884 1179 3943 Crassus
1208 3884 1240 3942 in

223 3968 314 4031 vlines
336 3971 497 4037 Vocatium
520 3979 550 4031 et
571 3972 764 4031 Tarusatium
785 3972 942 4050 profectus
965 3977 1021 4030 est.
1066 3969 1143 4027 Tum
1164 3989 1239 4029 vero

238 4056 360 4116 barbari
384 4058 532 4133 commoti,
557 4057 637 4133 quod
661 4058 814 4135 oppidum,
838 4065 869 4117 et
889 4064 999 4115 natura
1015 4056 1074 4114 loci
1097 4061 1128 4113 et
1148 4076 1240 4115 manu
