2967 4609
1262 357 1502 411 LIBER
1536 359 1613 413 Π.
2359 371 2457 443 ⁶31

413 559 516 633 qui
603 577 722 616 uno
809 554 1050 613 nomine
1141 553 1427 613 Germani
1517 556 1927 633 appellantur,
2019 556 2300 615 arbitrari
2388 557 2466 615 ad

410 644 530 702 XL
577 642 759 701 milia.

581 730 656 789 V.
750 726 958 785 Caesar
1000 726 1228 785 Remos
1277 727 1633 785 cohortatus
1678 727 2131 802 liberaliterque
2195 729 2467 787 oratione

408 821 774 894 prosecutus
822 832 1060 872 omnem
1117 819 1398 870 senatum
1457 812 1533 871 ad
1594 832 1660 871 se
1719 813 2041 872 convenire
2096 813 2463 891 principum-

412 922 530 977 que
584 899 811 958 liberos
873 897 1118 957 obsides
1187 897 1266 957 ad
1333 918 1401 957 se
1473 898 1695 957 adduci
1746 897 1955 975 jussit.
2058 900 2208 971 Quae
2268 901 2466 959 omnia

411 989 486 1046 ab
529 987 606 1044 iis
662 985 983 1061 diligenter
1050 983 1130 1042 ad
1183 983 1345 1041 diem
1400 982 1567 1042 facta
1626 991 1785 1043 sunt.
1886 985 2033 1062 Ipse
2086 986 2464 1045 Divitiacum

408 1072 719 1131 Haeduum
806 1088 1174 1146 magnopere
1263 1070 1620 1129 cohortatus
1689 1070 1895 1144 docet,
1988 1078 2212 1146 quanto
2280 1092 2462 1150 opere

408 1158 498 1217 rei
539 1157 800 1236 publicae
847 1155 1301 1230 communisque
1348 1156 1565 1214 salutis
1609 1157 1851 1215 intersit
1918 1177 2132 1216 manus
2198 1158 2464 1216 hostium

411 1243 703 1317 distineri,
772 1262 848 1299 ne
916 1262 1052 1299 cum
1117 1247 1290 1299 tanta
1354 1241 1741 1301 multitudine
1807 1263 1926 1301 uno
1994 1250 2265 1322 tempore
2322 1264 2461 1308 con-

408 1329 740 1407 fligendum
797 1328 904 1401 sit;
975 1326 1039 1384 id
1096 1326 1228 1385 fieri
1285 1346 1488 1404 posse,
1549 1328 1602 1386 si
1659 1348 1804 1387 suas
1867 1329 2073 1407 copias
2116 1328 2343 1388 Haedui
2400 1330 2463 1388 in

406 1415 558 1474 fines
615 1414 1084 1499 Bellovacorum
1137 1413 1585 1472 introduxerint
1643 1421 1705 1473 et
1760 1434 1969 1473 eorum
2034 1434 2214 1491 agros
2270 1436 2461 1492 popu-

406 1502 521 1560 lari
565 1500 876 1577 coeperint.
967 1499 1084 1557 His
1130 1498 1433 1558 mandatis
1481 1519 1621 1557 eum
1667 1501 1742 1559 ab
1792 1520 1858 1560 se
1916 1500 2181 1559 dimittit.
2283 1501 2459 1559 Post-

409 1607 588 1664 quam
656 1604 863 1644 omnes
909 1585 1240 1661 Belgarum
1307 1586 1515 1662 copias
1582 1585 1645 1643 in
1710 1607 1897 1644 unum
1962 1586 2161 1645 locum
2217 1594 2461 1645 coactas

410 1674 487 1733 ad
554 1692 620 1731 se
687 1672 895 1731 venire
953 1670 1125 1745 vidit,
1215 1690 1414 1746 neque
1495 1670 1628 1747 jam
1694 1672 1874 1748 longe
1943 1672 2160 1731 abesse
2227 1673 2302 1730 ab
2363 1672 2457 1748 iis,

409 1779 560 1835 quos
649 1757 917 1831 miserat,
1008 1757 1493 1833 exploratoribus
1584 1763 1645 1815 et
1689 1797 1694 1811 .
1734 1758 1809 1815 ab
1874 1758 2087 1815 Remis
2156 1759 2458 1833 cognovit,

406 1840 632 1903 flumen
695 1844 992 1917 Axonam,
1061 1842 1223 1917 quod
1269 1849 1364 1901 est
1405 1841 1469 1900 in
1516 1842 1799 1901 extremis
1844 1844 2173 1901 Remorum
2216 1842 2457 1919 finibus,

407 1930 737 1990 exercitum
801 1928 1122 1987 traducere
1188 1928 1517 1988 maturavit
1585 1935 1767 2004 atque
1833 1928 1921 1987 ibi
1978 1935 2180 1987 castra
2233 1930 2456 2006 posuit.

409 2016 559 2087 Quae
603 2035 703 2074 res
751 2021 813 2072 et
854 2013 1016 2071 latus
1061 2034 1248 2072 unum
1308 2021 1647 2073 castrorum
1704 2015 1853 2091 ripis
1907 2013 2171 2073 fluminis
2231 2014 2458 2073 munie-

405 2104 513 2161 bat
557 2107 636 2177 et,
682 2107 824 2178 post
867 2119 1005 2158 eum
1062 2119 1198 2174 quae
1256 2107 1447 2174 erant,
1505 2106 1639 2159 tuta
1695 2101 1770 2159 ab
1827 2101 2108 2159 hostibus
2162 2101 2460 2159 reddebat

407 2196 484 2263 et,
533 2192 904 2245 commeatus
961 2186 1035 2243 ab
1094 2185 1304 2243 Remis
1364 2145 1737 2261 reliquisque
1798 2186 2147 2247 civitatibus
2202 2194 2273 2245 ut
2328 2187 2459 2245 sine

402 2233 672 2351 pe’riculo
742 2272 819 2330 ad
887 2291 1024 2329 eum
1088 2271 1318 2348 portari
1361 2278 1594 2349 posset,
1664 2271 1984 2331 efficiebat.
2085 2273 2163 2330 In
2220 2292 2289 2331 eo
2346 2271 2457 2330 fiu-

403 2360 564 2418 mine
607 2378 762 2435 pons
809 2363 958 2416 erat.
1049 2356 1148 2414 Ibi
1189 2357 1547 2434 praesidium
1589 2358 1761 2433 ponit
1807 2364 1868 2416 et
1910 2358 1974 2415 in
2032 2358 2225 2416 altera
2273 2365 2453 2435 parte

403 2444 667 2503 fluminis
715 2443 786 2514 Q.
834 2442 1133 2501 Titurium
1180 2442 1472 2500 Sabinum
1526 2444 1796 2518 legatum
1863 2462 1998 2500 cum
2066 2462 2174 2500 sex
2242 2443 2451 2501 cohor-

403 2532 568 2589 tibus
633 2529 948 2603 relinquit3
1019 2536 1220 2587 castra
1284 2529 1349 2586 in
1409 2528 1789 2586 altitudinem
1855 2527 2079 2605 pedum
2139 2527 2455 2586 duodecim

401 2616 564 2676 vallo
608 2615 898 2689 fossaque
944 2614 1362 2689 duodeviginti
1406 2613 1631 2692 pedum
1675 2613 1896 2671 muniri
1932 2612 2129 2689 jubet.
2499 2677 2504 2684 ,

574 2701 686 2760 VI.
786 2701 884 2758 Ab
952 2700 1046 2758 his
1115 2699 1333 2758 castris
1423 2699 1713 2778 oppidum
1778 2699 2125 2773 Remorum,
2215 2699 2454 2758 nomine
2534 2745 2537 2750 Δ

403 2786 652 2862 Bibrax,
701 2788 912 2845 aberat
953 2786 1118 2844 milia
1161 2805 1455 2863 passuum
1499 2786 1683 2845 VIII.
1774 2785 1853 2843 Id
1909 2805 1983 2844 ex
2025 2785 2239 2843 itinere
2284 2806 2452 2862 mag-

403 2894 482 2931 no
536 2874 766 2951 impetu
821 2873 1032 2948 Belgae
1099 2891 1451 2949 oppugnare
1520 2878 1851 2948 coeperunt.
1962 2872 2149 2947 AEgre
2218 2891 2287 2929 eo
2356 2871 2453 2929 die

405 2965 814 3018 sustentatum
858 2966 970 3016 est.
1062 2957 1378 3015 Gallorum
1431 2957 1645 3015 eadem
1715 2964 1897 3032 atque
1961 2957 2293 3034 Belgarum
2349 2977 2452 3033 op-

401 3045 692 3122 pugnatio
761 3051 856 3102 est
911 3043 1063 3102 haec.
1172 3044 1297 3102 Ubi
1364 3042 1753 3118 circumjecta
1818 3042 2201 3101 multitudine
2266 3043 2471 3100 1101111-Δ

401 3151 549 3187 1111111
634 3130 778 3188 totis
866 3130 1164 3187 moenibus
1252 3129 1521 3204 undique
1607 3128 1671 3186 in
1729 3148 1969 3185 murum
2034 3127 2266 3204 lapides
2325 3126 2455 3203 jaci

404 3217 590 3292 coepti
644 3222 787 3273 sunt
850 3234 1180 3290 murusque
1249 3213 1677 3273 defensoribus
1743 3213 2009 3271 nudatus
2078 3219 2211 3288 est,
2259 3218 2449 3271 testu-

403 3302 544 3360 dine
587 3299 750 3359 facta
791 3307 1001 3378 portas
1046 3300 1422 3358 succendunt
1465 3318 1821 3373 murumque
1866 3298 2183 3357 subruunt.
2276 3297 2455 3368 Quod

401 3394 534 3445 tum
597 3385 774 3445 facile
843 3384 1046 3444 fiebat.
1135 3385 1294 3444 Nam
1359 3405 1545 3459 quum
1612 3390 1786 3442 tanta
1828 3383 2150 3441 multitudo
2214 3383 2451 3462 lapides

401 3493 474 3531 ac
540 3473 662 3531 tela
729 3471 1137 3547 conjicerent,
1183 3471 1248 3528 in
1321 3491 1494 3529 muro
1553 3468 1926 3529 consistendi
1982 3476 2257 3548 potestas
2320 3476 2451 3528 erat

402 3558 574 3615 nulli.
666 3545 865 3629 Quum
907 3553 1089 3615 finem
1135 3556 1527 3633 oppugnandi
1569 3576 1691 3614 nox
1746 3555 2013 3630 fecisset,
2070 3556 2274 3615 Iccius
2330 3556 2450 3613 Re-

398 3664 557 3718 111118,
628 3663 862 3702 summa
929 3642 1246 3701 nobilitate
1313 3649 1374 3701 et
1438 3642 1639 3718 gratia
1703 3641 1863 3700 inter
1929 3661 2093 3716 suos,
2163 3642 2267 3717 qui
2324 3648 2453 3697 tum

401 3730 625 3807 oppido
692 3727 1041 3806 praefuerat,
1108 3748 1266 3786 unus
1336 3749 1410 3787 ex
1475 3728 1572 3803 iis,
1642 3727 1747 3803 qui
1802 3726 1990 3803 legati
2046 3727 2121 3786 de
2174 3747 2327 3804 pace
2372 3725 2450 3783 ad

404 3814 712 3874 Gaesarem
743 3820 1056 3889 venerant,
1102 3814 1347 3873 nuntios
1394 3814 1473 3872 ad
1519 3834 1657 3873 eum
1701 3813 1904 3888 mittit,
1950 3813 2070 3871 nisi
2115 3810 2452 3871 subsidium

401 3901 523 3959 sibi
568 3900 996 3974 summittatur,
1044 3919 1180 3958 sese
1226 3899 1452 3958 diutius
1501 3900 1802 3958 sustinere
1844 3918 1967 3957 non
2010 3916 2211 3974 posse.

489 4009 511 4054 p
573 3987 721 4047 VII.
810 3986 903 4044 Eo
972 3985 1047 4043 de
1106 3985 1304 4043 media
1378 3992 1558 4043 nocte
1628 3984 1835 4043 Caesar
1910 3981 2127 4041 iisdem
2194 3982 2449 4041 ducibus

397 4092 572 4147 usus,
633 4072 734 4147 qui
787 4072 984 4129 nuntii
1045 4072 1121 4129 ab
1178 4071 1342 4129 Iccio
1399 4076 1712 4145 venerant,
1769 4067 2067 4128 Numidas
2128 4074 2191 4126 et
2236 4067 2449 4127 Cretas
