2967 4609
282 362 324 419 20
504 364 505 367 ’
597 353 649 405 DE
667 350 795 405 BELLO
815 349 992 406 GALLIGO.

282 550 398 609 moveri
431 570 467 607 ac
501 550 589 626 signa
621 548 694 607 ferri
722 546 883 624 jussisset,
916 549 978 605 non
1010 545 1075 605 fore
1108 547 1190 607 dicto
1224 549 1307 607 audi-

282 642 368 694 entes
392 635 502 694 milites
524 654 622 709 neque
644 640 770 711 propter
791 633 928 691 timorem
950 632 1037 708 signa
1058 633 1182 693 laturos.

255 754 260 767 ·
326 725 327 729 ’
368 721 437 779 XL.
488 721 565 780 Haec
599 741 691 796 quum
724 718 1003 793 animadvertisset,
1038 727 1203 779 convocato
1238 741 1307 779 con-

282 807 348 865 silio
380 806 571 882 omniumque
599 806 737 865 ordinum
765 804 805 863 ad
831 803 863 861 id
892 804 1050 862 consilium
1072 804 1215 865 adhibitis
1239 826 1307 865 ceu-

282 894 468 968 turionibus,
508 893 703 953 vehementer
737 908 789 949 eos
822 889 987 949 incusavit:
1032 890 1175 967 primum,
1217 892 1307 968 quod,

282 987 334 1037 aut
379 1000 469 1054 quam
512 979 544 1037 in
586 984 705 1057 partem
749 983 802 1035 aut
844 995 904 1050 quo
948 975 1074 1035 consilio
1114 977 1307 1051 ducerentur,

281 1065 340 1123 sibi
375 1064 573 1140 quaerendum
606 1071 658 1121 aut
692 1060 886 1139 cogitandum
917 1068 1070 1139 putarent.
1120 1063 1309 1123 Ariovistum

282 1170 316 1209 se
373 1151 497 1209 consule
553 1148 750 1227 cupidissime
804 1146 909 1225 populi
963 1146 1093 1205 Romani
1147 1149 1309 1207 amicitiam

283 1236 453 1313 appetisse;
501 1256 555 1295 cur
588 1236 667 1293 huno
701 1241 765 1293 tam
796 1239 911 1291 temere
944 1229 1104 1308 quisquam
1136 1236 1174 1293 ab
1208 1234 1308 1293 officio

282 1322 492 1380 discessurum
527 1320 700 1398 judicaret?
757 1319 822 1378 Sibi
862 1318 984 1394 quidem
1021 1320 1200 1396 persuaderi
1239 1341 1308 1397 cog·

281 1407 354 1465 nitis
390 1408 454 1467 suis
487 1407 651 1485 postulatis
691 1414 782 1481 atque
822 1405 966 1479 aequitate
999 1404 1209 1464 condicionum
1240 1427 1308 1483 per-

283 1499 390 1570 specta
430 1514 499 1551 eum
535 1513 635 1568 neque
674 1512 761 1551 snam
799 1510 899 1564 neque
936 1490 1041 1567 populi
1072 1492 1203 1550 Romani
1240 1513 1308 1569 gra-

282 1580 355 1637 tiam
404 1579 643 1657 repudiaturum.
711 1576 800 1648 Quod
839 1576 866 1635 si
908 1574 1010 1634 furore
1050 1584 1141 1652 atque
1180 1578 1310 1637 amentia

281 1664 433 1742 impulsus
483 1665 597 1723 bellum
640 1663 804 1737 intulisset,
849 1661 923 1736 quid
954 1662 1078 1720 tandem
1110 1664 1308 1723 vererentur?

282 1758 334 1808 aut
379 1771 433 1809 cur
477 1751 514 1809 de
549 1770 604 1808 sua
637 1748 750 1810 virtute
791 1754 844 1806 aut
877 1747 915 1806 de
947 1747 1043 1825 ipsius
1073 1748 1231 1826 diligentia
1258 1749 1309 1808 de-

283 1836 461 1913 sperarent?
516 1837 645 1895 Factum
680 1835 747 1911 ejus
784 1832 882 1892 bostis
914 1834 1082 1912 periculum
1114 1843 1236 1914 patrum
1257 1856 1309 1893 no-

283 1930 417 1980 strorum
461 1922 613 1995 memoria,
660 1940 755 1995 quum
800 1918 931 1977 Cimbris
975 1927 1006 1977 et
1050 1921 1195 1979 Teutonis
1224 1943 1242 1979 a
1271 1921 1309 1980 G,

281 2008 379 2066 Mario
421 2008 522 2095 pulsis
566 2027 627 2065 non
670 2006 816 2065 minorem
865 2005 986 2063 laudem
1021 2008 1187 2083 exercitus,
1219 2026 1311 2081 quam

281 2094 348 2169 ipse
383 2093 557 2170 imperator,
581 2092 707 2151 meritus
740 2090 918 2165 videbatur,
946 2090 1062 2149 factum
1095 2092 1186 2151 etiam
1213 2113 1311 2171 nuper

281 2179 312 2235 in
345 2179 438 2237 ltalia
472 2179 577 2238 servili
609 2178 760 2252 tumultU,
795 2196 872 2252 quos
900 2184 1002 2235 tamen
1024 2178 1139 2253 aliquid
1170 2198 1247 2237 usus
1275 2198 1310 2237 00

283 2264 459 2342 disciplina,
500 2284 568 2339 quae
603 2285 621 2322 a
653 2264 742 2323 nobis
777 2263 981 2341 accepissent,
1011 2264 1216 2324 sublevarent.
1262 2265 1310 2321 Ex

283 2370 342 2425 quo
373 2350 506 2426 judicari
539 2370 644 2428 posse,
679 2356 827 2426 quantum
864 2348 991 2407 haberet
1014 2350 1046 2407 in
1079 2370 1112 2408 00
1140 2350 1212 2409 boni
1240 2370 1310 2409 oon-

284 2435 405 2512 stantia,
440 2443 602 2515 propterea
635 2436 725 2511 quod,
760 2455 838 2511 quos
871 2434 1057 2509 aliquamdiu
1084 2436 1216 2494 inermos
1245 2436 1310 2495 sine

284 2542 377 2581 causa
410 2524 597 2597 timuissent,
614 2514 685 2581 v'eos
717 2528 827 2599 postea
860 2528 991 2579 armatos
1025 2542 1061 2580 ac
1094 2522 1226 2581 victores
1260 2542 1310 2580 su-

283 2615 453 2685 perassent.
508 2609 649 2683 Denique
682 2608 738 2666 hos
773 2627 842 2665 esse
875 2607 1014 2684 eosdem,
1044 2608 1225 2683 quibuscum
1253 2627 1310 2667 sae-

283 2714 448 2771 penumero
482 2694 617 2754 Helvetii
650 2693 807 2769 congressi
839 2712 901 2750 non
935 2693 1033 2751 solum
1070 2694 1102 2751 in
1136 2694 1214 2768 01110,
1256 2692 1312 2752 sed
1339 2728 1342 2733 ι

284 2780 376 2838 etiam
410 2780 441 2837 in
472 2779 594 2838 illorum
637 2778 765 2853 finibus,
809 2778 987 2855 plerumque
1032 2779 1213 2855 superarint,
1259 2780 1311 2853 qui

282 2872 385 2923 tamen
419 2885 509 2943 pares
544 2884 612 2923 esse
644 2871 749 2923 nostro
785 2863 931 2921 exercitui
963 2883 1025 2921 non
1056 2864 1221 2941 potuerint.
1278 2864 1311 2922 si

285 2970 361 3025 quos
406 2951 569 3011 adversum
612 2949 753 3028 proelium
797 2956 828 3007 et
869 2948 945 3025 fuga
984 2949 1141 3008 Gallorum
1180 2970 1310 3007 commo-

284 3044 385 3112 voret,
420 3038 492 3111 hos,
527 3036 553 3094 si
592 3044 779 3112 quaererent,
812 3034 947 3112 reperire
979 3055 1071 3114 posse
1111 3035 1311 3095 diuturnitate

284 3123 358 3181 belli
380 3122 558 3198 defatigatis
582 3121 679 3180 Gallis
701 3119 901 3196 Ariovistum,
926 3141 1019 3195 quum
1047 3121 1159 3181 multos
1189 3142 1310 3181 menses

285 3209 395 3267 castris
425 3228 458 3267 se
487 3228 522 3266 ac
550 3206 714 3285 paludibus
741 3207 892 3266 tenuisset
918 3226 1016 3282 neque
1047 3208 1095 3266 sui
1128 3214 1312 3285 potestatem

284 3294 419 3369 fecisset,
452 3294 650 3371 desperantes
675 3292 739 3369 jam
768 3293 806 3352 de
835 3313 938 3370 pugna
966 3300 997 3352 et
1025 3293 1182 3372 dispersos
1209 3294 1310 3351 subito

285 3380 426 3438 adortum
449 3380 545 3457 magis
576 3381 693 3439 ratione
716 3386 748 3437 et
777 3379 904 3438 oonsilio
934 3398 1025 3454 quam
1053 3380 1167 3439 virtute
1189 3380 1310 3440 vicisse.

286 3464 343 3524 Oui
375 3466 486 3524 rationi
519 3473 625 3524 contra
663 3465 801 3524 homines
838 3465 986 3523 barbaros
1025 3472 1116 3540 atque
1154 3464 1312 3541 imperitos

284 3551 371 3609 locus
405 3550 531 3626 fuisset,
570 3552 629 3610 hac
667 3570 705 3609 ne
745 3552 846 3630 ipsum
878 3551 1001 3625 quidem
1034 3570 1157 3628 sperare
1189 3557 1311 3610 nostros

285 3638 437 3695 exercitus
471 3637 539 3715 capi
570 3656 672 3713 posse.
730 3636 791 3707 Qui
824 3656 913 3694 suum
945 3637 1085 3695 timorem
1115 3637 1148 3694 in
1174 3636 1219 3695 rei
1246 3636 1310 3695 fru-

285 3724 441 3782 mentariae
493 3722 715 3781 simulationem
766 3722 983 3799 angustiasque
1031 3722 1148 3781 itineris
1193 3721 1311 3781 confer-

285 3815 363 3884 rent,
409 3807 512 3867 faeere
557 3815 750 3884 arroganter,
795 3828 888 3884 quum
932 3814 986 3866 aut
1029 3808 1067 3866 de
1111 3806 1212 3866 officio
1255 3809 1311 3866 im·

285 3894 437 3972 1101010110
472 3894 634 3971 (1001101010
674 3900 726 3951 aut
765 3894 964 3972 praescribere
997 3893 1183 3953 viderentur.
1233 3893 1312 3952 Haec

287 3980 346 4038 sibi
392 3998 459 4038 esse
503 3998 598 4053 curae,
643 3978 829 4037 frumentum
867 3978 1034 4054 Sequanos,
1073 3978 1203 4053 Leucos,
1238 3979 1311 4037 Lin-

285 4084 381 4141 gones
418 4065 673 4139 sumministrare,
709 4064 835 4141 jamque
874 4084 942 4124 esse
980 4065 1011 4122 in
1043 4064 1126 4141 agris
1158 4063 1312 4124 frumenta
