2967 4609
285 369 347 427 146
399 392 405 402 .
510 308 513 314 V
602 357 656 411 nn
673 355 800 411 annno
819 355 988 411 clinico

250 620 252 627 ,
284 565 407 631 temque
447 571 481 612 se
523 552 670 628 consequi
702 552 835 612 videant.
891 551 950 610 His
984 552 1158 612 constitutis
1191 552 1287 610 rebus

283 641 413 701 Haeduis
447 637 694 716 Segusiauisque,
730 639 781 713 qui
811 645 882 697 sunt
909 635 1028 697 finitimi
1054 637 1228 716 provincias,
1251 637 1288 696 X

285 727 367 787 milia
388 725 524 804 peditum
548 724 693 803 imperat3
721 724 783 783 hue
811 723 897 782 addit
924 725 1042 799 equites
1064 722 1181 783 Duco.
1226 723 1287 782 His

284 810 414 892 praeficit
451 809 578 871 fratrem
599 809 817 888 Eporedorigis
850 809 1022 885 bellumque
1055 809 1168 869 inferre
1200 809 1286 868 Allo-

284 898 430 976 brogibus
448 896 547 973 jubet.
597 895 706 955 Altera
733 915 771 954 ex
797 901 886 972 parte
909 895 1044 956 Gabalos
1071 896 1288 973 proximosque

287 1003 384 1064 pagos
406 983 613 1042 Arvernorum
628 981 810 1056 inHelvios,
833 981 906 1040 item
916 982 1056 1042 Rutenos
1069 980 1286 1056 Cadurcosque

287 1071 326 1130 ad
353 1069 431 1128 fines
454 1068 618 1128 Volcarum
646 1067 896 1126 Arecomicorum
929 1066 1158 1146 depopulandos
1180 1067 1284 1126 mittit.

285 1156 387 1217 Nihilo
414 1154 514 1212 minus
542 1152 740 1213 clandestinis
768 1153 882 1212 nuntiis
908 1153 1172 1230 legationibusque
1198 1152 1289 1212 Allo-

284 1244 396 1319 brogas
419 1239 572 1314 sollicitat,
596 1259 724 1314 quorum
752 1245 869 1298 mentes
898 1239 1032 1298 nondum
1060 1241 1102 1298 ab.
1128 1239 1290 1316 superiore

283 1329 365 1388 bello
388 1325 540 1385 resedisse
563 1325 716 1402 sperabat.
767 1325 884 1383 Horum
911 1325 1099 1403 principibus
1127 1325 1285 1402 pecunias,

286 1413 402 1475 civitati
425 1418 525 1470 autem
546 1410 705 1487 imperium
727 1411 822 1469 totius
843 1411 1009 1488 provinciae
1031 1411 1200 1488 pollicetur.

370 1497 468 1558 LXV.
513 1495 564 1554 Ad
586 1496 642 1554 hos
665 1515 770 1555 omnes
794 1516 883 1555 casus
913 1497 1036 1574 provisa
1065 1503 1151 1557 erant
1177 1496 1287 1574 praesi-

285 1585 337 1644 dia
365 1582 532 1642 cohortium
560 1579 688 1640 duarum
715 1589 746 1641 et
773 1582 891 1660 viginti,
926 1602 993 1658 quae
1023 1602 1060 1641 ex
1088 1582 1156 1661 ipsa
1179 1587 1285 1642 coacta

284 1669 443 1749 provincia
465 1668 503 1727 ab
525 1668 562 1726 L.
588 1664 709 1728 Caesare
731 1668 832 1745 legato
856 1668 895 1727 ad
925 1687 1028 1728 omnes
1056 1676 1161 1746 partes
1191 1685 1286 1746 oppo-

285 1758 445 1816 nebantur.
490 1753 593 1813 Helvii
618 1772 674 1812 sua
697 1760 807 1831 sponte
831 1773 899 1813 cum
920 1752 1055 1814 finitimis
1077 1754 1183 1832 proelio
1213 1773 1283 1813 con-

284 1841 385 1919 gressi
407 1840 561 1919 pelluntur
584 1845 615 1897 et
638 1838 675 1898 G.
698 1839 822 1900 Valerio
845 1841 1052 1916 Donnotauro‚
1078 1839 1188 1899 Caburi
1210 1837 1282 1915 filio,

285 1927 422 2005 principe
450 1924 593 1999 civitatis,
617 1925 883 2003 compluribusque
911 1926 977 1984 aliis
1004 1924 1175 1985 interfectis
1203 1925 1284 1984 intra

285 2012 397 2092 oppida
417 2029 582 2086 murosque
605 2011 835 2088 compelluntur.
887 2011 1071 2089 Allobroges
1100 2011 1215 2071 crebris
1244 2011 1283 2070 ad

285 2097 468 2157 Rhodanum
490 2095 647 2173 dispositis
669 2096 821 2172 praesidiis
843 2117 954 2174 magna
977 2118 1044 2156 cum
1067 2117 1140 2156 cura
1162 2104 1192 2156 et
1215 2096 1283 2155 dili·

284 2183 388 2261 gentia
411 2201 483 2240 suos
504 2180 582 2241 fines
604 2187 737 2240 tuentur.
785 2181 890 2242 Oaesar
912 2183 992 2259 quod
1014 2183 1119 2243 hostes
1150 2183 1286 2259 equitatu

286 2269 461 2347 superiores
484 2285 553 2326 esse
575 2266 767 2344 intelligebat
789 2275 821 2326 et
841 2268 1015 2328 interclusis
1034 2269 1174 2328 omnibus
1197 2268 1286 2327 itine-

283 2355 368 2415 ribus
390 2353 473 2412 nulla
495 2371 528 2411 re
551 2373 588 2412 ex
610 2353 767 2431 provincia
789 2359 880 2429 atque
902 2355 994 2413 Italia
1024 2355 1179 2415 sublevari
1200 2359 1287 2431 pote·

285 2449 344 2515 rat,
367 2448 453 2499 trans
464 2439 605 2497 Rhenum
626 2432 658 2497 in
681 2438 875 2499 Germaniam
897 2441 990 2499 mittit
1008 2441 1047 2500 ad
1065 2460 1117 2500 eas
1135 2441 1285 2516 civitatee,

287 2546 364 2603 quas
398 2523 606 2603 superioribus
640 2525 726 2584 anuis
759 2534 933 2603 pacaverat,
968 2527 1147 2602 equitesque
1181 2527 1219 2584 ab
1247 2525 1288 2584 iis

286 2612 416 2672 arcessit
437 2618 468 2670 et
489 2610 567 2670 levis
590 2617 750 2670 armaturae
789 2611 919 2689 pedites,
950 2613 1001 2688 qui
1022 2613 1102 2672 inter
1130 2631 1182 2672 eos
1205 2631 1285 2690 proe-

286 2698 355 2757 liari
378 2702 569 2756 oonsvcrant.
615 2697 729 2754 Eorum
758 2696 908 2773 adventu,
938 2698 1020 2774 quod
1046 2699 1146 2757 minus
1168 2697 1287 2757 idoneis

213 2830 216 2843 ‚
286 2783 372 2859 equis
393 2783 568 2855 utebantur,
592 2801 610 2839 a
631 2781 764 2841 tribunis
786 2783 914 2841 militum
941 2784 1127 2860 reliquisque
1157 2779 1286 2855 [sedet]

287 2868 439 2944 equitibus
473 2866 619 2925 Romanis
655 2863 756 2943 [atque
780 2867 924 2942 evocatis]
959 2889 1053 2945 equos
1089 2869 1181 2928 sumit
1211 2868 1289 2928 (iler-

287 2953 446 3028 manisque
469 2951 633 3010 distribuit.

371 3037 488 3098 LXVI.
532 3037 665 3113 Interea,
690 3038 763 3096 dum
774 3039 839 3098 haec
857 3047 1014 3116 geruntur,
1037 3040 1169 3100 hostium
1192 3040 1289 3118 copiae

287 3146 324 3185 ex
345 3125 493 3185 Arvernis
517 3122 704 3200 equitesque,
728 3125 782 3200 qui
804 3125 860 3184 toti
883 3125 991 3184 Galliae
1021 3134 1108 3186 erant
1134 3127 1287 3206 imperati,

288 3211 480 3271 conveniunt.
525 3209 638 3286 Magno
660 3210 768 3269 horum
790 3217 896 3270 coacto
918 3231 1042 3271 numero
1066 3233 1158 3288 quum
1184 3210 1289 3271 Caesar

286 3298 317 3355 in
341 3296 500 3372 Sequanos
521 3314 577 3374 per
600 3302 753 3355 extremos
774 3297 947 3374 Lingonum
967 3296 1045 3357 fines
1074 3299 1133 3358 iter
1161 3295 1288 3372 faceret,

290 3402 350 3458 quo
372 3382 495 3441 facilius
524 3381 693 3440 subsidium
720 3382 885 3458 provincia
915 3381 990 3442 ferri
1017 3392 1136 3462 posset,
1168 3383 1291 3442 circiter

287 3466 373 3526 milia
394 3486 540 3545 passuum
551 3465 583 3526 X
606 3468 644 3526 ab
666 3466 813 3526 Romanis
825 3468 912 3527 trinis
926 3470 1036 3528 castris
1055 3469 1288 3546 Vercingetorix

289 3553 437 3628 consedit,
460 3553 697 3628 convocatisque
719 3553 759 3611 ad
782 3553 941 3612 concilium
968 3554 1125 3632 praefectis
1155 3555 1290 3632 equitum

290 3639 413 3698 venisse
433 3644 554 3715 tempus
577 3638 714 3698 victoriae
737 3638 938 3715 demonstrat;
968 3640 1076 3718 fugere
1105 3642 1137 3700 in
1165 3640 1290 3719 provin·

290 3725 367 3783 ciam
388 3723 543 3782 Romanos
556 3723 717 3798 Galliaque
739 3725 900 3800 excedere;
923 3726 956 3785 id
974 3727 1032 3786 sibi
1050 3726 1089 3786 ad
1107 3733 1290 3805 praesentem

290 3809 484 3870 obtinendam
517 3809 689 3867 libertatern
722 3811 799 3869 satis
832 3830 910 3886 esse,
946 3812 985 3872 ad
1013 3813 1121 3889 reliqui
1143 3813 1292 3889 temporis

289 3915 397 3972 pacem
408 3902 499 3970 atque
523 3893 616 3952 otium
627 3915 734 3971 parum
752 3895 872 3973 profici;
896 3897 1062 3973 majoribus
1077 3899 1155 3958 enim
1174 3898 1291 3957 coactis

291 3981 386 4058 copiis
398 3999 576 4041 reversuros
592 3998 691 4054 neque
708 3978 800 4039 finem
815 3982 950 4042 bellandi
967 3983 1112 4044 facturos.
1158 3983 1293 4043 Proinde

289 4065 322 4122 in
344 4065 463 4142 agmine
490 4064 652 4142 impeditos
682 4065 865 4126 adoriantur.
913 4067 946 4127 si
972 4070 1092 4147 pedites
1116 4070 1180 4130 suis
1204 4069 1292 4146 auni-
