2967 4609
623 346 744 401 nmen
761 348 784 401 1.
1089 312 1092 316 ’
1201 357 1221 414 3

189 560 271 617 suos,
307 561 434 617 quorum
466 562 609 619 magnum
641 562 798 601 numerum
828 541 976 610 habebat,
1010 540 1117 601 eodem
1150 562 1220 601 con-

189 628 289 700 duxit3
324 647 380 705 per
409 646 476 707 eos,
505 646 543 686 ne
572 646 695 687 causam
723 627 853 700 diceret,
882 646 916 685 se
944 627 1063 704 eripuit.
1121 627 1221 698 Quum

189 713 296 772 civitas
326 714 364 771 ob
394 732 460 771 eam
487 732 552 794 rem
579 713 705 778 incitata
733 713 825 772 armis
849 712 901 787 jus
930 731 1017 770 suum
1039 714 1148 787 exequi
1171 732 1220 771 oo-

186 804 311 857 naretur
338 797 621 873 multitudinemque
649 799 803 857 hominum
837 818 874 857 ex
908 798 990 874 agris
1022 798 1219 873 magistratus

188 890 345 960 cogerent,
382 882 544 961 Orgetorix
572 891 708 944 mortuus
737 890 798 958 est3
833 902 932 959 neque
959 883 1049 941 abest
1075 883 1218 960 suspicio,
1310 933 1314 937 Α

186 976 221 1027 ut
237 969 372 1029 Helvetii
396 970 590 1045 arbitrantur,
616 970 688 1045 quin
706 970 773 1048 ipse
796 969 855 1028 sibi
877 977 1005 1027 mortem
1026 968 1217 1027 consciverit.
1309 1001 1312 1005 Δ

200 1110 204 1116 .
270 1055 309 1115 V.
360 1054 455 1113 Post
476 1055 542 1133 ejus
580 1062 708 1115 mortem
745 1055 839 1114 nihilo
877 1054 976 1113 minus
1008 1053 1144 1114 Helvetii
1176 1053 1218 1127 id,

187 1140 267 1215 quod
301 1141 539 1217 constituerant,
573 1140 675 1201 facere
704 1147 867 1214 conentur,
901 1147 936 1199 ut
965 1160 982 1198 e
1009 1137 1120 1197 finibus
1154 1138 1219 1199 suis
1328 1133 1337 1151 ⁸

187 1233 305 1285 exeant.
361 1226 423 1285 Ubi
447 1226 512 1303 jam
540 1245 574 1286 se
604 1227 644 1286 ed
666 1248 733 1287 eam
754 1246 819 1286 rem
840 1232 966 1304 paratos
989 1243 1058 1283 esse
1080 1223 1219 1282 arbitrati

185 1318 266 1387 sunt,
296 1311 408 1389 oppida
434 1332 490 1371 sua
518 1314 627 1389 omnia,
657 1333 782 1373 numero
813 1311 853 1371 ad
874 1310 1049 1385 duodecim,
1072 1309 1157 1381 uicos
1180 1308 1220 1366 ad

185 1396 439 1475 quadringentos,
467 1399 591 1474 'reliqua
624 1399 745 1477 privata
777 1396 906 1456 aedificia
938 1394 1120 1468 incendunt;
1155 1393 1218 1451 fru-

183 1490 319 1542 mentum
348 1504 449 1561 omne,
478 1492 682 1563 praeterquam
710 1484 792 1560 quod
821 1502 925 1542 secum
946 1481 1098 1559 portaturi
1121 1485 1217 1552 erant,

183 1570 380 1645 comburunt,
415 1577 448 1628 ut
482 1570 602 1629 domum
630 1570 788 1631 reditionis
819 1588 874 1646 spe
902 1568 1024 1627 sublata
1050 1565 1220 1644 paratiores

184 1654 223 1713 ad
263 1656 363 1713 omnia
400 1656 537 1734 pericula
580 1656 738 1715 subeunda
783 1662 902 1727 essent3
947 1653 1039 1711 trium
1081 1663 1220 1722 mensum

182 1740 288 1799 molita
317 1740 430 1801 cibaria
459 1742 517 1801 sibi
548 1762 696 1818 quemque
725 1741 813 1800 domo
842 1738 953 1798 efferre
976 1737 1096 1814 jubent.
1145 1736 1219 1794 Per-

182 1826 316 1885 suadent
336 1826 487 1887 Rauracis
515 1835 545 1886 et
567 1828 706 1905 Tulingis
735 1834 766 1886 et
788 1824 963 1901 Latobrigis
991 1820 1143 1895 finitimis,
1174 1820 1220 1878 uti

183 1910 290 1971 eodem
322 1912 370 1971 usi
404 1913 530 1973 consilio
570 1914 690 1992 oppidis
730 1913 794 1971 suis
832 1910 970 1985 vicisque
1009 1906 1126 1967 exustis
1159 1926 1222 1963 una

182 2016 251 2055 cum
279 1997 317 2055 iis
345 1997 591 2076 proficiscantur3
623 1999 789 2075 Bojosque,
819 1996 870 2073 qui
897 2004 984 2055 trans
1005 1994 1147 2052 Rhenum
1174 1990 1221 2049 in·

183 2082 341 2141 coluerant
369 2091 400 2143 et
427 2085 458 2143 iu
487 2105 593 2161 agrum
620 2084 767 2144 Noricum
801 2082 987 2156 transierant
1012 2078 1220 2154 Norejemque

182 2176 406 2245 oppugnarent,
425 2178 570 2247 receptos
593 2169 632 2229 ad
655 2190 689 2229 se
712 2170 813 2229 socios
836 2169 896 2227 sibi
920 2166 1084 2225 asciscunt.

269 2253 325 2313 VI.
370 2254 469 2314 Erant
501 2255 620 2315 omnino
653 2257 764 2315 itinera
797 2254 873 2329 duo,
914 2251 1025 2327 quibus
1057 2248 1217 2308 itineribus

181 2337 272 2397 domo
301 2340 383 2398 exire
410 2348 552 2418 possent:
587 2361 679 2399 unum
706 2361 763 2419 per
785 2340 959 2415 Sequanos,
994 2341 1156 2411 angustum
1188 2341 1219 2392 et

181 2422 317 2500 difficile,
351 2424 432 2485 inter
459 2434 592 2485 montem
620 2428 729 2486 Juram
759 2432 790 2484 et
811 2424 923 2483 flumen
945 2422 1136 2493 Rhodanum,
1166 2419 1220 2477 vix

182 2528 244 2583 qua
277 2510 389 2587 singuli
429 2512 516 2570 carri·
545 2511 744 2584 ducerentur3
783 2528 870 2568 mons
911 2514 1012 2567 autem
1051 2502 1218 2563 altissimus

22 2602 27 2611 '
141 2660 144 2667 ,
180 2594 393 2672 impendebat,
428 2604 462 2655 ut
488 2596 579 2656 facile
605 2596 751 2675 perpauci
779 2595 941 2673 prohibere
963 2597 1104 2669 possent3
1140 2588 1216 2647 alte-

180 2698 249 2737 rum
281 2700 336 2758 per
368 2682 557 2759 provinciam
583 2689 729 2757 nostram,
763 2681 858 2739 multo
891 2677 1012 2737 facilius
1041 2682 1133 2749 atque
1164 2693 1217 2733 ex-

179 2764 331 2841 peditius,
376 2775 539 2845 propterea
583 2768 670 2843 quod
708 2768 789 2826 inter
820 2765 897 2824 fines
935 2762 1148 2822 Helvetiorum
1189 2767 1221 2818 et

179 2848 395 2928 Allobrogum,
437 2854 489 2928 qui
528 2873 626 2932 nuper
667 2853 770 2931 pacati
803 2857 904 2925 erant,
943 2846 1112 2927 Rhodanus
1151 2843 1220 2903 fluit

179 2936 268 3010 isque
301 2938 454 2997 nonnullis
486 2939 562 2998 locis
596 2938 675 2999 vado
716 2937 873 2997 transitur.
923 2935 1103 2993 Extremum
1132 2930 1218 3007 oppi-

180 3019 254 3079 dum
286 3021 487 3101 Allobrogum
520 3031 568 3087 est
622 3024 831 3099 roximumque
859 3019 1071 3080 Helvetiorum
1104 3014 1217 3074 finibus

181 3105 300 3165 Genua.
367 3110 416 3168 Ex
457 3130 491 3169 eo
531 3046 643 3188 oppido
682 3129 760 3187 pons
794 3108 833 3167 ad
871 3104 1034 3179 Helvetios
1073 3100 1216 3179 pertinet.

179 3189 400 3269 Allobrogibus
429 3214 498 3255 sese
527 3196 577 3256 vel
604 3213 821 3273 persvasuros,
857 3190 939 3267 quod
949 3186 1103 3253 mondum
1135 3186 1217 3243 bono
1304 3252 1309 3257 ⁴

179 3275 280 3335 animo
312 3279 344 3337 in
376 3282 520 3358 populum
552 3282 724 3340 Romanum
757 3278 949 3351 viderentur,
989 3270 1215 3343 existimabant,

178 3361 230 3420 vel
259 3362 289 3423 vi
318 3373 492 3442 coacturos,
526 3373 561 3425 ut
588 3386 644 3443 per
673 3385 746 3426 suos
773 3363 850 3422 fines
869 3373 932 3420 'eos
960 3360 1006 3418 ire
1027 3362 1215 3435 paterentur.

180 3445 329 3508 Omnibus
357 3452 449 3510 rebus
480 3452 519 3510 ad
547 3450 769 3530 protectionem
791 3446 974 3526 comparatis
998 3443 1078 3502 diem
1101 3441 1216 3520 dicunt,
1248 3489 1278 3523 a.

179 3552 241 3607 qua
275 3532 323 3593 die
352 3535 391 3595 ad
419 3537 517 3613 ripam
544 3536 687 3595 Rhodani
720 3554 825 3595 omnes
860 3530 1057 3604 conveniant3
1092 3528 1119 3586 is
1150 3525 1231 3601 dies

179 3625 246 3676 erat
274 3639 300 3678 a.
326 3620 354 3678 d.
378 3621 416 3681 V.
440 3622 511 3697 Kal.
541 3622 664 3700 Apriles
692 3622 729 3680 L.
759 3621 882 3695 Pisone,
915 3618 953 3676 A.
984 3613 1114 3676 Gabinio
1146 3629 1217 3669 con·

179 3702 307 3763 sulibus.

265 3788 339 3849 VH.
386 3790 501 3852 Caesari
536 3791 628 3869 quum‘
659 3792 692 3851 id
724 3792 896 3851 nuntiatum
930 3793 1028 3858 esset,
1069 3801 1121 3842 eos
1160 3798 1216 3856 per

177 3874 367 3949 provinciam
393 3885 530 3937 nostram
558 3879 617 3937 iter
645 3876 747 3938 facere
776 3878 888 3951 conari,
920 3877 1054 3931 maturat
1076 3868 1115 3925 ab
1134 3864 1215 3962 ,urbe

176 3957 332 4034 proficisci
355 3970 386 4023 et
415 3984 506 4039 quam
537 3964 676 4023 maximis
709 3969 812 4042 potest
838 3959 998 4021 itineribus
1026 3954 1059 4012 in
1081 3950 1215 4047 Gelham

176 4042 352 4106 ulteriorem
386 4049 542 4109 contendit
575 4057 605 4109 et
639 4048 679 4108 ad
706 4049 844 4109 Genuam
876 4041 1025 4123 pervenit.
1082 4038 1214 4097 Provm·

969 4134 1004 4188 ΓΙ
