2967 4609
252 365 293 423 30
366 388 372 405 1
561 356 614 409 DE
632 354 760 409 BELLO
779 354 961 410 GALLIOO.

250 572 350 629 neque
383 572 416 611 se
445 571 514 611 cum
542 551 649 628 Belgis
680 550 808 625 reliquis
842 551 1043 627 consensisse,
1077 570 1177 626 neque
1210 571 1279 610 con-

250 647 299 699 tra
325 638 471 717 populum
497 637 669 696 Romanum
703 633 843 709 [omnino]
876 636 1062 713 conjurasse,
1096 644 1280 714 paratosque

252 746 320 785 esse
354 732 385 783 et
418 723 540 782 obsides
569 723 642 781 dare
670 730 701 782 et
726 723 876 799 imperata
905 721 1008 781 facere
1039 730 1070 781 et
1092 723 1211 800 oppidis
1232 744 1279 782 re-

252 813 352 889 cipere
386 817 416 869 et
448 808 601 868 frumento
640 809 811 884 ceterisque
852 808 945 867 rebus
980 809 1105 884 juvare,
1147 809 1280 885 reliquos

204 910 205 913 ’
251 917 355 957 omnes
388 897 502 973 Belgas
540 895 571 953 in
611 895 703 955 armis
743 914 821 969 esse,
868 894 1106 970 Germanosque,
1151 895 1203 971 qui
1236 896 1280 953 cis

250 984 392 1043 Rhenum
423 982 567 1055 incolant,
602 998 670 1039 sese
698 1000 768 1039 cum
795 981 834 1039 iis
863 978 1068 1056 conjunxisse,
1102 987 1282 1057 tantumque

251 1090 320 1129 esse
349 1088 453 1129 eorum
482 1067 613 1125 omniurn
640 1065 785 1137 furorem,
819 1072 855 1124 ut
882 1086 921 1124 ne
944 1065 1125 1125 Suessiones
1148 1066 1279 1142 quidem,

250 1156 363 1215 fratres
396 1152 697 1229 consanguineosque
731 1171 813 1226 suos,
849 1152 901 1227 qui
935 1152 1041 1211 eodem
1070 1151 1140 1227 jure
1169 1159 1201 1212 et
1227 1153 1280 1211 iis-

251 1243 320 1301 dem
352 1240 471 1316 legibus
506 1245 645 1312 utantur,
680 1258 774 1296 unum
808 1238 967 1315 imperium
999 1257 1153 1313 unumque
1186 1240 1279 1315 magi·

252 1334 381 1386 stratum
414 1344 483 1383 cum
516 1324 591 1401 ipsis
624 1324 772 1399 habeant,
812 1324 967 1382 deterrere
999 1324 1167 1401 potuerint,
1208 1325 1281 1400 quin

165 1440 167 1447 ·
251 1434 320 1472 011111
342 1412 380 1470 iis
404 1410 619 1469 consentirent.

336 1498 391 1557 IV.
438 1495 538 1566 Quum
566 1496 603 1554 ab
632 1496 671 1553 iis
700 1500 859 1569 quaereret,
890 1514 958 1569 quae
981 1495 1122 1554 civitates
1145 1503 1280 1570 quantae·

251 1604 309 1660 que
339 1584 370 1641 in
399 1582 491 1641 armis
522 1587 635 1657 essent,
666 1588 697 1638 et
726 1579 800 1655 quid
827 1581 859 1639 in
887 1580 967 1638 bello
989 1589 1126 1658 possent,
1161 1582 1205 1640 sic
1233 1602 1280 1639 re-

249 1670 401 1748 periebat:
443 1668 605 1745 plerosque
642 1666 758 1743 Belgas
792 1685 859 1725 esse
903 1673 987 1725 ortos
1031 1668 1069 1725 ab
1110 1667 1279 1742 Germanis,

249 1757 450 1829 Rhenumque
479 1754 646 1829 antiquitus
675 1752 834 1811 traductos
862 1759 988 1830 propter
1009 1753 1069 1811 loci
1091 1752 1281 1812 fertilitatem

249 1842 292 1901 ihi
326 1840 501 1900 consedisse
535 1839 717 1914 Gallosque,
758 1838 810 1913 qui
844 1858 880 1897 ea
912 1838 980 1897 loca
1013 1839 1194 1915 incolerent,
1229 1860 1279 1897 ex-

249 1928 375 2005 pulisse,
409 1926 551 2001 solosque
584 1944 661 1999 esse,
696 1925 748 1999 qui
780 1930 902 2001 patrum
932 1931 1106 1983 nostrorum
1137 1926 1281 1983 memoria

250 2014 331 2072 omni
371 2011 473 2070 Gallia
510 2018 621 2071 vexate
653 2010 808 2069 Teutonos
848 2008 1048 2085 Cimbrosque
1087 2012 1167 2069 intra
1203 2009 1279 2068 fines

250 2118 322 2157 suos
355 2095 473 2173 ingredi
504 2096 727 2174 prohibuerint,
764 2116 824 2171 qua
857 2116 894 2162 ex
927 2116 960 2154 re
992 2095 1068 2171 fieri,
1102 2097 1148 2155 uti
1177 2110 1304 2155 earum'

248 2204 350 2243 rerum
388 2183 532 2241 memoria
571 2201 712 2258 magnam
752 2182 810 2239 sibi
849 2182 1060 2241 auctoritatem
1092 2201 1280 2259 magnosque

250 2270 375 2348 spiritus
407 2269 438 2326 in
471 2289 505 2327 re
537 2267 661 2326 militari
702 2274 865 2326 sumerent.
926 2267 974 2325 De
1013 2288 1137 2327 numero
1179 2288 1282 2327 eorum

251 2355 350 2414 omnia
383 2374 416 2413 se
448 2354 561 2413 habere
600 2353 756 2431 explorata
793 2353 883 2412 Remi
922 2353 1078 2429 dicebant,
1120 2361 1281 2431 propterea

251 2441 332 2518 qued
364 2440 640 2519 propinquitatibus
674 2438 935 2515 affinitatibusque
974 2440 1144 2517 conjuncti,
1185 2460 1278 2516 quan-

249 2536 312 2587 tam
345 2527 474 2602 quisque
507 2526 731 2585 multitudinem
764 2526 796 2585 111
830 2526 982 2585 communi
1009 2526 1176 2603 Belgarum
1209 2546 1278 2584 con-

251 2614 318 2673 cilio
350 2613 388 2671 ad
410 2612 442 2670 id
463 2612 578 2669 bellum
599 2612 754 2689 pollicitus
777 2612 825 2687 sit,
850 2612 1056 2688 cognoverint.
1112 2612 1280 2670 Plurimum

250 2700 328 2758 inter
362 2718 414 2757 eos
442 2698 623 2757 Bellovacos
652 2704 683 2756 et
714 2698 828 2757 virtute
858 2705 889 2754 et
918 2698 1099 2756 auctoritate
1127 2704 1158 2756 et
1184 2697 1279 2755 homi-

250 2806 322 2843 num
355 2803 479 2841 numero
512 2783 630 2857 valere5
665 2783 721 2841 hos
751 2802 843 2859 posse
873 2782 1021 2841 conficere
1052 2789 1168 2841 armata
1196 2782 1280 2840 milia

251 2877 380 2943 centum,
414 2868 566 2947 pollicitos
600 2889 638 2927 ex
670 2888 705 2927 eo
739 2888 864 2926 numero
899 2868 997 2926 electa
1030 2869 1091 2926 LX
1123 2868 1278 2943 totiusque

249 2956 321 3015 belli
361 2955 520 3032 imperium
563 2955 622 3013 sibi
660 2955 825 3031 postulare.
886 2952 1067 3013 Suessiones
1105 2973 1178 3013 snos
1211 2974 1279 3012 esse

249 3040 402 3115 finitimos
437 3037 531 3112 [fines]
565 3040 731 3099 latissimos
764 3038 1031 3114 feracissimosque
1061 3060 1151 3118 agros
1180 3040 1278 3117 possi-

250 3128 331 3187 dere.
388 3126 481 3204 Apud
514 3146 566 3184 eos
599 3124 696 3185 fuisse
728 3146 833 3202 regem
865 3132 971 3183 nostra
1005 3126 1096 3184 etiam
1134 3126 1279 3184 memoria

249 3214 444 3288 Divitiacum,
467 3212 561 3270 totins
574 3211 682 3271 Galliae
700 3211 953 3289 potentissimum,
977 3212 1029 3286 qui
1046 3233 1139 3288 quum
1160 3231 1278 3288 magnae

249 3299 346 3377 partis
378 3299 486 3357 harum
518 3299 684 3375 regionum,
718 3304 783 3355 tum
812 3298 903 3356 etiam
924 3298 1091 3357 Britanniae
1119 3298 1278 3375 imperium

251 3384 429 3458 obtinuerit3
463 3404 544 3442 nunc
575 3403 643 3443 esse
671 3403 775 3460 regem
804 3383 948 3455 Galbam
984 3384 1024 3441 ad
1051 3384 1132 3442 hunc
1153 3389 1279 3461 propter

246 3470 400 3547 justitiam
432 3469 684 3547 prudentiamque
718 3490 866 3527 summam
905 3470 1000 3528 totius
1033 3470 1106 3528 belli
1140 3466 1275 3542 [summa]

251 3556 383 3615 omnium
411 3556 569 3615 voluntate
599 3554 725 3627 deferri3
761 3555 873 3632 oppida
902 3556 1015 3614 habere
1044 3575 1169 3615 numero
1199 3554 1277 3627 XII,

249 3641 386 3720 polliceri
424 3640 506 3699 milia
545 3647 661 3699 armata
701 3641 934 3717 quinquaginta;
977 3641 1103 3700 totidem
1135 3640 1276 3714 Nervios,

250 3728 303 3803 qui
341 3727 471 3786 maxime
510 3725 569 3784 feri
606 3726 685 3784 inter
716 3726 802 3804 ipsos
834 3726 1003 3785 habeantur
1043 3727 1278 3805 longissimeque

250 3813 365 3887 absint;
389 3812 451 3873 XV
473 3812 555 3870 milia
576 3812 754 3886 Atrebates,
778 3812 945 3871 Ambianos
966 3812 1000 3870 X
1021 3813 1118 3888 milia3
1142 3812 1277 3870 Morinos

249 3898 344 3957 XXV
365 3898 461 3972 milia,
485 3897 643 3975 Menapios
653 3897 719 3957 VII
737 3898 835 3971 milia3
860 3896 981 3968 Caletos
999 3898 1033 3956 X
1054 3899 1152 3972 milia,
1176 3896 1277 3958 Velio-

251 4002 355 4042 casses
389 3990 419 4041 et
450 3983 682 4043 Veromanduos
714 3982 857 4057 totidem;
897 3983 1075 4042 Aduatucos
1109 3983 1214 4042 decom
1247 3988 1278 4039 et

250 4088 359 4128 novem
381 4069 475 4144 milia,
512 4068 696 4144 Condrusos,
723 4069 894 4142 Eburones,
924 4068 1085 4145 Oaercesos,
1107 4070 1276 4141 Paemanos,
