2967 4609
608 399 770 453 111111.
1167 411 1206 473 19

174 594 411 673 praecavendum
462 592 566 653 Caesar
610 594 811 653 existimabat.
889 594 1028 670 Namque
1072 597 1204 655 omnium

174 701 292 756 rerum,
327 701 394 755 quae
423 679 463 739 ad
489 681 603 739 bellum
631 680 700 739 usui
729 687 829 755 erant,
864 700 981 739 summa
1007 684 1113 740 er'at
1105 704 1137 741 11
1166 704 1201 741 eo
1248 694 1252 700 “

164 758 288 846 ‘oppido
321 766 467 841 facultas,
500 766 591 841 idque
624 772 733 825 natura
762 766 821 825 loci
854 767 898 825 sic
927 768 1134 843 muniebatur,
1169 776 1204 827 ut
1244 765 1247 772 ’

175 872 317 930 magnam
349 852 388 910 ad
420 811 591 911 (iubendum
622 852 736 911 bellum
769 841 856 911 daret
888 851 1079 928 facultatem,
1112 875 1204 932 prop-

175 947 261 999 terea
300 937 381 1013 quod
418 937 531 997 flumen
569 938 684 1012 Dubis,
728 945 763 995 ut
801 936 913 997 circino
953 939 1202 1015 circumductum,

175 1045 264 1103 paene
296 1030 393 1083 totum
426 1024 569 1101 oppidum
604 1024 711 1100 cingit3
751 1024 900 1099 reliquum
934 1025 1080 1102 spatium,
1121 1027 1204 1101 quod

176 1119 225 1170 est
251 1130 312 1169 non
339 1110 467 1187 amplius
495 1110 606 1187 pedum
635 1117 861 1184 sexcentorum,
895 1131 955 1186 qua
977 1108 1089 1170 flumen
1109 1112 1202 1171 inter-

174 1198 282 1272 mittit,
315 1216 401 1255 mons
432 1196 566 1255 continet
594 1216 705 1272 magna
734 1196 909 1271 altitudine,
943 1196 986 1255 ita
1018 1204 1052 1255 ut
1080 1197 1200 1257 radices

175 1283 286 1341 montis
310 1302 347 1341 ex
368 1288 496 1356 utraque
518 1288 604 1359 parte
627 1282 702 1358 ripae
725 1280 857 1340 fluminis
880 1282 1066 1359 contingant.
1111 1284 1202 1343 Hunc

174 1388 280 1427 murus
314 1367 517 1426 circumdatus
556 1387 657 1425 arcem
695 1366 789 1426 efficit
822 1375 853 1426 et
886 1388 954 1426 cum
988 1369 1098 1446 oppido
1129 1375 1203 1429 'con-

171 1454 283 1531 jungit
350 1453 419 1512 Huc
454 1452 557 1512 Caesar
594 1453 713 1529 magnis
752 1454 910 1512 nocturnis
944 1453 1120 1531 diurnisque
1154 1456 1203 1515 iti-

174 1540 299 1599 neribus
344 1539 498 1598 contendit
542 1546 750 1615 oooupatoque
794 1540 904 1618 oppido
944 1540 988 1598 ibi
1026 1542 1203 1618 praesidium

176 1626 315 1685 collocat.

261 1710 418 1769 XXXIX
483 1709 564 1769 Dum
597 1729 711 1788 paucos
745 1710 811 1769 dies
844 1710 883 1768 ad
910 1710 1128 1798 Vesontionem
1161 1714 1205 1771 rei

174 1796 380 1855 frumentariae
414 1780 659 1871 commeatusque
693 1816 788 1855 causa
819 1805 969 1873 moratur,
1004 1817 1042 1855 ex
1074 1817 1202 1874 percon-

173 1884 290 1942 1111ο11
318 1888 492 1941 nostrorum
520 1884 709 1959 vocibusque
739 1881 897 1941 Gallorum
927 1904 962 1941 ac
991 1891 1201 1958 mercatorum,
1286 1946 1289 1953 ,

175 1970 228 2044 qui
259 1968 375 2045 ingenti
407 1968 614 2045 magnitudine
648 1988 809 2045 corporum
842 1968 1026 2045 Germanos,
1071 1970 1201 2028 incredi-

173 2054 230 2113 bili
261 2054 374 2114 virtute
406 2060 497 2129 atque
527 2055 742 2113 exercitatione
775 2054 807 2112 in
836 2055 927 2114 armis
957 2076 1026 2114 esse
1054 2056 1201 2133 praedica-

173 2140 263 2215 bant,
298 2160 505 2217 saepenumero
540 2160 608 2200 sese
642 2161 710 2199 cum
738 2140 777 2199 iis
808 2149 993 2218 congressos
1018 2162 1057 2200 ne
1084 2142 1202 2216 vultum

175 2226 297 2301 quidem
335 2232 426 2300 atque
465 2226 560 2285 aciem
599 2226 755 2285 oculorum
787 2225 867 2285 ferre
899 2228 1052 2305 potuisse,
1097 2235 1202 2286 tantus

175 2312 276 2370 subito
303 2312 393 2370 timor
415 2332 532 2371 omnem
555 2313 720 2371 exercitum
742 2312 917 2389 occupavit,
951 2320 1067 2372 utnon
1088 2313 1201 2373 medio·

174 2398 267 2457 criter
295 2397 428 2477 omnium¹
452 2405 570 2457 mentes
600 2399 776 2473 animosque
802 2400 1006 2475 perturbaret.
1050 2399 1111 2456 Hic
1139 2399 1201 2476 pri-

172 2504 256 2541 mum
283 2490 367 2542 ortus
390 2490 438 2542 est
460 2504 478 2541 a
499 2484 629 2543 tribunis
651 2484 794 2556 militum,
823 2482 980 2561 praefectis
1002 2484 1200 2558 reliquisque,

174 2569 228 2644 qui
256 2588 293 2627 ex
318 2570 394 2628 urbe
424 2569 564 2629 amicitiae
594 2590 686 2628 causa
715 2568 868 2627 Oaesarem
897 2568 995 2627 secuti
1026 2588 1088 2626 non
1117 2590 1200 2646 mag-

156 2675 246 2713 num
278 2655 308 2713 in
340 2675 374 2721 re
403 2655 525 2713 militari
557 2674 646 2713 usum
675 2655 843 2727 habebant3
879 2675 1005 2729 quorum
1035 2654 1112 2713 alius
1143 2657 1204 2715 alia

173 2756 267 2799 causa
298 2741 398 2815 illata,
433 2761 523 2815 quam
556 2742 616 2799 sibi·
644 2741 684 2800 ad
704 2733 967 2819 'proficiscendum
995 2742 1201 2801 necessariam

173 2845 243 2885 esse
270 2826 397 2901 diceret,
431 2826 569 2903 petebat,
600 2833 634 2885 ut
664 2827 730 2903 ejus
758 2828 914 2887 voluntate
942 2827 1100 2886 discedere
1128 2828 1200 2887 lice-

172 2918 234 2987 ret,
279 2912 414 2971 nonnulli
446 2911 562 2989 pudore
596 2912 734 2988 adducti,
776 2920 810 2971 ut
842 2913 959 2972 timoris
995 2913 1200 2991 suspicionem

171 2997 318 3073 vitarent,
351 2999 557 3058 remanebant.
602 2998 644 3059 Hi
676 3018 775 3073 neque
808 2999 926 3059 vultum
957 2998 1072 3076 fingere
1101 3020 1200 3075 neque

171 3083 324 3142 interdum
351 3083 492 3142 lacrimas
520 3091 624 3143 tenere
651 3090 807 3162 poterant;
842 3085 939 3143 abditi
966 3086 999 3142 in
1020 3086 1199 3143 tabernacu-

170 3169 212 3227 lis
245 3177 297 3228 aut
329 3188 416 3227 suum
448 3168 544 3228 fatum
572 3172 791 3244 querebantur,
825 3177 877 3228 aut
906 3191 973 3229 cum
999 3169 1199 3228 familiaribus

172 3254 238 3313 suis
282 3274 438 3313 commune
480 3256 647 3334 periculum
690 3256 921 3314 miserabantur.
980 3256 1082 3333 Vulgo
1126 3256 1200 3315 totis

172 3340 284 3399 castris
316 3346 498 3399 testamenta
531 3342 779 3418 obsignabantur.
846 3341 963 3399 Horum
1001 3342 1129 3401 vocibus
1164 3362 1199 3401 ac

171 3427 279 3485 timore
307 3426 452 3504 paulatim
479 3428 570 3485 etiam
596 3428 632 3503 ii,
667 3428 718 3502 qui
745 3445 889 3503 magnum
915 3427 947 3485 in
975 3426 1086 3486 castris
1109 3448 1199 3487 usum

170 3512 339 3587 habebant,
371 3511 484 3571 milites
513 3513 779 3589 centurionesque,
815 3513 926 3588 quique
949 3514 1098 3588 equitatui
1119 3534 1198 3591 prae-

171 3605 273 3672 erant,
306 3599 571 3680 perturbabantur.
629 3598 688 3670 Qui
721 3618 756 3657 se
789 3619 827 3657 ex
859 3600 907 3658 his
940 3599 1040 3658 minus
1074 3600 1198 3659 timidos

171 3683 338 3741 existimari
369 3683 528 3759 volebant,
561 3704 622 3744 non
655 3704 688 3743 se
717 3685 838 3743 hostem
866 3686 981 3760 vereri,
1016 3686 1073 3745 sed
1103 3706 1197 3761 angu-

171 3768 247 3827 stias
275 3768 392 3828 itineris
420 3776 450 3827 et
477 3770 715 3847 magnitudinem
743 3771 903 3846 silvarum,
937 3792 1005 3847 quae
1027 3770 1197 3830 intercede-

168 3861 240 3913 rent
271 3854 351 3913 inter
382 3855 466 3932 ipsos
501 3863 591 3931 atque
619 3855 822 3932 Ariovistum,
857 3864 909 3915 aut
938 3877 1002 3916 rem
1031 3856 1196 3915 frumenta-

167 3941 262 4015 riam,
291 3947 326 3999 ut
354 3942 428 3999 satis
458 3942 613 4000 commode
635 3943 809 4021 supportari
830 3950 951 4019 posset,
985 3944 1092 4000 timere
1115 3941 1196 4000 dice-

167 4027 254 4085 bant.
299 4026 443 4085 Nonnulli
476 4028 564 4087 etiam
597 4026 711 4086 01111
739 4028 934 4102 nuntiabant,
969 4048 1060 4103 quum
1095 4035 1197 4086 castra

210 4124 213 4130 '
745 4116 749 4126 ’
960 4121 996 4175 2*
