2967 4609
653 348 773 401 11111
795 349 818 403 1.
1208 359 1249 417 27

225 563 292 618 quae
325 542 356 601 in
388 542 528 619 proelium
560 542 791 621 proficiscentes
829 546 931 623 passis
969 548 1108 606 manibus
1141 545 1250 606 flentes

223 629 434 706 implorabant,
457 648 496 687 ne
520 648 553 687 se
575 628 607 687 in
630 630 809 691 servitutem
830 631 976 690 Romanis
998 633 1163 691 traderent.
1345 627 1347 630 ’

258 705 263 717 ’
309 714 380 776 LII.
444 714 548 773 Caesar
587 716 715 793 singulis
754 716 924 793 legionibus
963 718 1099 795 singulos
1131 719 1250 794 legatos

224 810 256 861 11
293 807 474 876 quaestorem
513 800 662 877 praefecit,
708 802 752 859 uti
792 822 844 861 eos
882 810 978 866 testes
1017 824 1081 863 suae
1124 804 1251 880 quisque

223 888 345 955 virtutis
378 886 519 961 haberet;
554 886 620 964 ipse
655 909 672 945 a
706 888 813 947 dextro
842 908 944 963 cornu,
979 890 1060 964 quod
1088 910 1154 949 eam
1181 910 1251 967 par·
1319 931 1321 936 -

223 981 285 1033 tem
316 972 436 1032 minime
468 971 585 1033 firmam
617 974 750 1032 hostium
778 994 847 1033 esse
875 975 1138 1050 animadverterat,
1171 995 1251 1052 prce·

221 1060 297 1118 lium
324 1058 480 1117 commisit.
536 1059 587 1118 111
613 1060 716 1135 nostri·
740 1060 852 1119 acriter
878 1062 909 1119 in
937 1061 1041 1121 hostes
1070 1062 1156 1138 signo
1180 1060 1251 1118 dato

223 1146 368 1223 impetum
406 1142 558 1220 fecerunt,
603 1146 706 1220 itaque
744 1147 850 1204 hostes
889 1155 1014 1224 repente
1054 1147 1252 1220 celeriterque

224 1237 448 1309 procurrerunt,
483 1237 517 1288 ut
545 1232 677 1309 spatium
704 1232 768 1310 pila
794 1232 826 1290 11
855 1232 959 1291 hostes
989 1232 1171 1309 conjiciendi
1192 1252 1253 1289 non

225 1317 357 1375 daretur.
413 1314 551 1393 Rejectis
580 1318 651 1396 pilis
679 1306 845 1377 commlhus
867 1318 978 1395 gladiis
1000 1325 1169 1396 pugnatum
1190 1324 1251 1391 est;

225 1410 257 1461 at
295 1402 438 1461 Germani
482 1403 620 1463 celeriter
665 1423 701 1462 ex
746 1404 964 1463 consvetudine
1008 1425 1064 1463 sua
1101 1404 1253 1482 phalange

224 1488 309 1547 facta
329 1488 461 1566 impetus
485 1488 654 1564 gladiorum
677 1496 870 1567 exceperunt.
921 1489 1048 1567 Reperti
1075 1497 1147 1549 sunt
1174 1510 1253 1548 com-

226 1575 330 1652 plures
370 1574 467 1631 nostri
504 1574 631 1649 milites,
672 1576 723 1650 qui
761 1576 793 1633 in
832 1575 1001 1652 phalangas
1039 1576 1190 1635 insilirent
1224 1581 1255 1633 et

225 1666 313 1718 scuta
334 1660 474 1717 manibus
497 1660 681 1721 revellerent
703 1668 734 1719 et
756 1660 889 1738 desuper
910 1662 1113 1721 vulnerarent.
1155 1661 1254 1732 Quum

224 1746 356 1804 hostium
390 1746 472 1804 acies
506 1766 523 1803 1
557 1746 680 1806 sinistro
715 1767 809 1805 cornu
840 1747 931 1824 pulsa
963 1754 1054 1822 atque
1087 1748 1119 1805 in
1150 1746 1255 1822 fugam

226 1844 373 1893 conversa
407 1838 497 1907 esset,
533 1852 551 1889 a
584 1832 690 1891 dextro
722 1852 815 1891 ccrnn
842 1833 1037 1892 vehementer
1063 1832 1254 1891 multitidine

226 1937 349 1977 suorum
380 1923 516 1975 nostram
549 1918 645 1977 aciem
677 1920 865 1996 premebant.
922 1918 960 1976 Id
994 1938 1086 1993 quum
1121 1918 1254 1977 animad-

224 2002 369 2063 vertisset
401 2003 435 2061 P.
461 2002 590 2062 Crassus
625 2003 813 2079 adolescens,
849 2004 899 2079 qui
934 2004 1081 2079 equitatui
1113 2009 1254 2082 praeerat,

225 2088 306 2164 quod
339 2088 507 2167 expeditior
540 2096 614 2165 erat,
650 2110 740 2165 quam
772 2091 803 2160 ii,
839 2092 890 2166 qui
922 2091 1001 2149 inter
1030 2091 1125 2150 aciem
1153 2109 1255 2150 versa·

224 2176 346 2251 bantur,
374 2174 495 2233 tertiam
518 2174 614 2233 aciem
635 2176 845 2235 laborantibus
867 2178 981 2235 nostris
1004 2177 1140 2236 subsidio
1162 2176 1253 2235 misit.

311 2261 401 2320 LHI.
462 2262 512 2319 Ita
550 2261 691 2338 pralium
728 2262 903 2321 restitutum
942 2270 989 2321 est
1022 2270 1113 2338 atque
1152 2280 1255 2321 omnes

225 2346 330 2405 hostes
346 2362 348 2369 ’
362 2353 449 2423 terga
482 2354 648 2422 verterunt,
682 2368 781 2423 neque
814 2349 900 2426 prius
928 2347 1033 2424 fugere
1064 2348 1255 2421 destiterunt,

228 2452 319 2507 quam
352 2432 392 2491 ad
424 2431 536 2492 flumen
572 2432 713 2492 Rhenum
751 2433 833 2492 milia
870 2453 1016 2511 passuum
1049 2454 1086 2492 ex
1120 2453 1155 2491 eo
1188 2432 1255 2489 loco

228 2518 347 2577 circiter
386 2519 517 2594 quinque
557 2526 771 2596 pervenerunt.
834 2520 884 2577 Ibi
922 2518 1068 2596 perpauci
1101 2524 1153 2575 aut
1185 2517 1255 2575 viri-

227 2604 286 2662 bus
325 2602 431 2663 confisi
471 2611 592 2663 tranare
634 2604 855 2663 contenderunt
894 2611 946 2663 aut
977 2603 1119 2663 lintribus
1151 2602 1256 2662 inven-

227 2690 268 2747 tis
302 2689 361 2748 sibi
394 2690 523 2748 s'alutem
561 2697 750 2767 repererunt.
816 2691 855 2748 In
894 2690 943 2750 his
982 2689 1040 2749 fuit
1071 2688 1255 2763 Ariovistus,

229 2774 280 2850 qui
311 2775 482 2835 naviculam
515 2776 679 2852 deligatam
713 2775 753 2834 ad
779 2775 878 2853 ripam
905 2783 1012 2835 nactus
1042 2796 1078 2835 11
1105 2773 1255 2853 profugit3

226 2860 360 2935 reliquos
394 2880 497 2921 omnes
537 2862 675 2937 equitatu
708 2864 865 2921 consecuti
897 2863 995 2921 nostri
1027 2861 1255 2920 interfecerimt.

226 2946 305 3005 Duae
327 2946 450 3005 fuerunt
471 2948 620 3007 Ariovisti
647 2967 769 3022 uxores,
800 2970 861 3007 una
883 2948 984 3009 Sveva
1005 2948 1137 3022 natione,
1168 2966 1259 3022 quam

229 3032 316 3091 domo
351 3052 454 3091 secum
488 3033 632 3109 duxerat,
678 3034 774 3092 altera
813 3034 941 3109 Norica,
982 3034 1065 3110 regis
1097 3031 1258 3092 Vocticnis

229 3137 324 3194 soror,
353 3139 443 3193 quam
464 3118 496 3177 in
519 3118 619 3177 Gallia
642 3118 771 3177 duxerat
794 3140 812 3177 a
833 3118 929 3179 fratre
951 3120 1092 3192 missam3
1116 3124 1258 3190 utraeque

228 3203 260 3260 in
283 3224 318 3262 ea
339 3202 412 3280 fuga
438 3204 602 3282 perierunt.
659 3204 737 3262 Duae
765 3204 834 3263 filiae
863 3206 985 3275 harum,
1022 3205 1118 3263 altera
1147 3203 1257 3276 occisa,

129 3345 131 3349 ,
229 3288 324 3348 111111
358 3297 447 3368 capta
486 3298 541 3349 est.
606 3290 642 3348 G.
672 3290 815 3350 Valerius
848 3290 998 3348 Procillus
1032 3310 1124 3364 quum
1157 3308 1175 3345 a
1208 3307 1258 3345 cu-

229 3374 367 3433 stodibus
400 3376 431 3435 in
464 3374 538 3453 fuga
570 3376 657 3434 trinis
692 3376 807 3435 catenis
840 3376 960 3435 vinctus
1002 3376 1188 3448 traheretur,
1227 3373 1260 3431 in

229 3460 330 3536 ipsinn
364 3460 516 3521 Caesarem
554 3462 659 3520 hostes
700 3462 837 3537 equitatu
875 3468 1108 3539 persequentem
1141 3459 1257 3519 incidit.

231 3544 305 3615 Quae
334 3547 454 3621 quidem
481 3568 531 3607 res
562 3546 677 3606 Caesari
704 3568 766 3605 non
793 3548 948 3623 minorem,
983 3568 1073 3623 quarn
1101 3548 1170 3624 ipsa
1195 3546 1258 3605 vic-

229 3632 315 3707 toria,
349 3632 536 3711 voluptatem
564 3633 681 3708 attulit,
717 3633 799 3707 quod
831 3634 982 3692 hominem
1014 3632 1260 3692 honestissimum

230 3718 394 3795 provinciae
430 3719 548 3795 Galliae,
584 3738 671 3777 suum
704 3716 884 3778 familiarem
917 3726 948 3778 11
979 3719 1139 3798 hospitem,
1175 3738 1259 3793 erep-

229 3811 294 3861 tum
328 3823 344 3861 1
376 3804 516 3863 manibus
544 3804 676 3863 hostium
705 3804 765 3863 sibi
791 3806 966 3863 restitutum
993 3805 1127 3879 videbat,
1161 3822 1260 3877 neque

229 3888 297 3964 ejus
326 3888 496 3949 calamitate
525 3890 562 3949 de
590 3896 675 3948 tanta
702 3891 860 3968 voluptate
889 3897 920 3949 et
946 3890 1148 3967 gratulatione
1177 3888 1260 3964 quic·

230 3994 320 4049 quam
353 3973 474 4035 fortuna
508 3976 705 4035 deminuerat.
761 3977 795 4034 Is
829 3995 862 4034 se
895 3982 1047 4053 praesente
1081 3974 1119 4033 de
1147 3994 1181 4033 se
1206 3980 1261 4033 ter

229 4060 363 4120 sortibus
387 4062 557 4143 consultum
579 4062 709 4137 dicebat,
742 4068 844 4119 utrum
870 4060 934 4137 igni
961 4056 1065 4119 statim
1091 4057 1298 4140 1111111111·
