2967 4609
633 372 755 426 LIBER
772 372 795 428 Ι.
816 418 819 422 .
991 387 994 389 ’
1133 417 1135 424 .
1187 387 1226 441 15

193 566 319 626 alterius
352 566 555 644 principatum
587 573 692 626 tenere
710 552 868 642 ¹Haeduos,
903 568 1028 628 alterius
1057 570 1223 629 Arvernos.

191 652 235 711 Hi
264 671 356 727 quum
383 659 542 730 tantopere
571 652 608 710 de
636 660 797 729 potentatu
824 652 904 712 inter
932 672 965 711 se
993 654 1106 714 multos
1128 675 1224 715 annos

192 737 420 812 contenderent,
454 736 571 796 factum
600 756 677 813 esse,
709 738 754 796 uti
782 739 820 797 ab
842 738 991 798 Arvernis
1014 738 1225 815 Sequanisque

192 822 338 881 Germani
365 822 506 882 mercede
534 830 771 882 arcesserentur.
827 823 946 882 Horum
975 825 1072 901 primo
1103 826 1224 885 circiter

191 908 274 967 milia
295 907 358 967 XV
379 908 521 967 Rhenum
540 908 712 983 transisse3
747 916 948 987 posteaquam
981 930 1071 987 agros
1101 918 1132 969 et
1161 912 1223 970 oul-

190 1002 256 1052 tum
290 1001 321 1051 et
354 994 457 1071 copias
487 993 645 1053 Gallorum
677 994 815 1053 homines
848 994 906 1053 feri
935 1015 971 1053 ac
999 997 1121 1055 barbari
1152 996 1222 1055 ada-

192 1086 338 1155 massent,
369 1077 528 1138 traductos
555 1079 676 1157 plures,
702 1100 799 1163 nunc.
815 1099 883 1139 esse
905 1081 936 1139 in
960 1080 1060 1139 Gallia
1082 1080 1122 1141 ad
1144 1080 1169 1139 G
1192 1090 1223 1140 et

190 1164 256 1223 XX
278 1164 394 1223 milium
416 1183 584 1223 numerum.
642 1164 718 1224 Cum
747 1166 794 1223 his
816 1166 954 1225 Haeduos
983 1186 1147 1242 eorumque
1170 1167 1221 1225 cli-

191 1257 278 1308 entes
298 1250 406 1331 ·semel
439 1257 531 1325 atque
563 1250 673 1309 iterum
708 1251 800 1310 armis
834 1251 1041 1326 contendisse,
1081 1272 1223 1328 magnam

191 1336 397 1395 calamitatem
430 1336 535 1413 pulsos
570 1336 739 1413 accepisse;
776 1356 895 1396 omnem
927 1337 1125 1412 nobilitatem,
1160 1358 1221 1396 om-

188 1440 260 1479 nem
291 1428 438 1496 senatum,
470 1440 589 1480 omnem
612 1422 780 1496 equitatum
802 1422 950 1481 amisisse.
1003 1421 1121 1494 Quibus
1142 1444 1222 1501 prm-

189 1506 240 1565 liis
275 1506 559 1581 calamitatibusque
591 1504 717 1582 fractos,
753 1508 804 1583 qui
835 1515 865 1566 et
895 1527 951 1566 sua
979 1508 1093 1568 virtute
1116 1516 1147 1568 et
1168 1529 1221 1586 po-

186 1592 253 1669 puli
280 1591 411 1651 Romani
445 1591 575 1669 hospitio
593 1666 595 1671 Ι
611 1598 701 1667 atque
735 1593 867 1652 amicitia
899 1594 1064 1670 plurimum
1094 1600 1164 1653 ante
1190 1594 1223 1652 in

139 1668 152 1681 ⁸
189 1676 290 1736 Gallia
322 1677 511 1755 potuissent,
547 1683 670 1737 coactos
704 1696 772 1737 esse
805 1678 956 1754 Sequanis
989 1678 1112 1737 obsides
1145 1678 1219 1739 dare

186 1762 393 1822 nobilissimos
427 1762 559 1823 civitatis
600 1769 630 1821 et
670 1762 868 1839 jurejurando
903 1763 1058 1823 civitatem
1091 1765 1221 1823 obstrin-

186 1866 271 1925 gere,
305 1868 374 1907 sese
406 1867 506 1923 neque
536 1848 659 1907 obsides
686 1849 870 1927 repetituros
898 1868 997 1923 neque
1027 1848 1171 1907 auxilium
1201 1870 1219 1909 a

185 1934 299 2012 populo
338 1934 476 1993 Romano
514 1934 730 2011 imploraturos
768 1954 867 2009 neque
905 1941 1117 2010 recusaturos,
1160 1954 1219 2011 quo

185 2020 286 2086 minus
308 2024 455 2097 perpetuo
479 2020 536 2077 sub
559 2019 679 2079 illorum
704 2019 823 2079 dicione
848 2027 939 2095 atque
960 2020 1086 2097 imperio
1106 2026 1219 2079 essent.

168 2104 289 2163 -Unum
320 2124 354 2163 se
384 2122 453 2163 esse
481 2125 518 2164 ex
549 2105 629 2164 omni
652 2105 775 2165 civitate
796 2106 994 2179 Haeduorum,
1030 2106 1082 2181 qui
1110 2105 1222 2164 adduci
1333 2125 1336 2129 ·

183 2210 246 2249 non
274 2190 417 2268 potuerit,
451 2196 486 2249 ut
514 2189 634 2267 juraret
662 2196 715 2249 aut
744 2192 858 2251 liberos
880 2210 952 2250 suos
976 2190 1098 2250 obsides
1122 2190 1218 2250 daret.

185 2274 233 2335 Ob
269 2295 334 2335 eam
368 2294 433 2334 rem
466 2294 500 2335 se
534 2295 571 2334 ex
605 2275 729 2336 civitate
756 2277 931 2354 profugisse
961 2283 992 2335 et
1019 2276 1150 2335 Romam
1182 2275 1221 2335 ad

185 2368 326 2419 senatum
348 2361 470 2421 venisse
493 2360 637 2420 auxilium
664 2363 862 2439 postulatum,
898 2362 979 2438 quod
1009 2362 1092 2421 solus
1121 2381 1220 2438 neque

180 2445 381 2523 jurejurando
411 2465 510 2522 neque
538 2446 695 2505 obsidibus
725 2454 888 2507 teneretur.
946 2446 1008 2505 Sed
1036 2446 1126 2523 pejus
1157 2447 1219 2506 vic-
1283 2483 1290 2494 ι

183 2532 302 2590 toribus
332 2530 482 2607 Sequanis
516 2552 607 2607 quam
639 2531 768 2591 Haeduis
800 2532 891 2592 victis
924 2530 1089 2605 accidisse,
1129 2551 1219 2608 prop-

184 2624 270 2677 terea
299 2617 381 2693 quod
403 2616 588 2693 Ariovistus,
622 2636 676 2675 rex
700 2617 931 2691 Germanorum,
965 2617 997 2675 in
1025 2636 1130 2675 eorum
1151 2614 1217 2675 fini-

182 2696 258 2761 bus
278 2702 467 2762 consedisset
499 2702 681 2777 tertiamque
714 2710 834 2781 partem
875 2702 942 2779 agri
975 2702 1124 2777 Sequani,
1166 2702 1220 2777 qui

184 2795 281 2847 esset‘
301 2787 433 2866 optimus
467 2788 560 2847 totius
596 2788 718 2863 Galliae,
755 2789 970 2867 occupavisset
1003 2795 1034 2846 et
1066 2807 1147 2847 nunc
1181 2787 1218 2846 de

153 2936 156 2939 ,
184 2874 284 2932 altera
312 2881 399 2951 parte
428 2874 519 2945 tertia
543 2872 700 2948 Sequanos
724 2874 872 2933 decedere
890 2874 1024 2950 juberet,
1057 2880 1219 2951 propterea

184 2958 272 3041 quod¹
309 2959 415 3035 paucis
455 2958 611 3017 mensibus
650 2967 720 3018 ante
755 2959 917 3026 Harudum
949 2959 1031 3017 milia
1063 2958 1218 3017 hominnm

182 3043 297 3107 XXIV
320 3044 359 3102 ad
382 3064 450 3103 eum
472 3043 637 3119 venissent,
662 3044 773 3119 quibus
795 3045 881 3104 locus
904 3064 940 3103 ac
962 3044 1052 3103 sedes
1074 3064 1217 3121 pararen-

182 3135 243 3187 tur.
300 3128 453 3188 Futurum
484 3148 551 3188 esse
579 3130 686 3209 paucis
716 3130 813 3205 annis,
846 3130 892 3188 nti
921 3148 1025 3189 omnes
1048 3148 1085 3190 ex
1109 3128 1217 3187 Galliae

182 3212 296 3273 finibus
326 3215 513 3293 pellerentur
540 3220 631 3289 atque
660 3235 766 3275 omnes
789 3216 933 3275 Germani
954 3215 1096 3273 Rhenum
1117 3220 1216 3271 trans-

180 3300 278 3373 irent;
322 3319 423 3375 neque
468 3299 547 3359 euim
587 3300 804 3361 conferendum
843 3319 912 3361 esse
951 3296 1104 3359 Gallicum
1148 3318 1219 3358 cnm

182 3385 405 3445 Germanorum
439 3406 529 3462 agre,
570 3405 668 3462 neque
706 3387 785 3445 hanc
824 3384 1074 3446 consuetudinem
1116 3384 1216 3444 victus

181 3490 252 3529 cum
284 3470 336 3530 illa
370 3470 612 3549 comparandam.
675 3465 865 3532 Ariouistum
900 3478 1017 3546 autem,
1048 3477 1096 3537 at
1123 3470 1217 3529 semel
1249 3440 1298 3528 old

131 3556 133 3559 ’
180 3556 341 3615 Gallorum
374 3556 478 3633 copias
511 3556 617 3633 proelio
651 3557 775 3631 vicerit,
810 3558 894 3631 quod
926 3556 1068 3634 proelium
1100 3554 1216 3614 factum

179 3642 223 3701 sit
246 3641 285 3701 ad
306 3640 538 3717 Magetobriam,
570 3643 701 3719 superbe
731 3649 763 3701 et
785 3642 949 3702 crudeliter
970 3642 1129 3719 imperare,
1160 3641 1215 3699 ob-

179 3726 264 3787 sides
288 3726 472 3805 'nobilissimi
503 3726 652 3803 cujusque
680 3728 793 3787 liberos
821 3747 949 3805 poscere
971 3735 1003 3787 et
1023 3727 1056 3785 in
1077 3745 1130 3785 eos
1153 3744 1214 3783 om·
1239 3804 1240 3807 Ἴ

178 3812 232 3871 nia
265 3813 405 3892 exempla
438 3812 651 3888 cruciatusque
686 3813 791 3889 edere,
833 3814 859 3872 si
900 3834 961 3889 qua
998 3831 1049 3871 res
1080 3829 1140 3869 non
1176 3808 1216 3867 ad

177 3904 288 3956 nutum
319 3904 373 3957 aut
402 3898 441 3956 ad
469 3898 657 3967 voluntatem
687 3898 755 3976 ejus
777 3898 861 3959 facta
883 3900 937 3972 sit,
972 3897 1123 3960 hominem
1146 3912 1214 3953 esse

176 3984 354 4057 barbarum,
381 3982 570 4059 iracundum,
601 3985 813 4059 temerarium,
848 4005 909 4044 non
942 4000 1034 4061 posse
1062 3979 1130 4055 ejus
1158 3980 1215 4037 im-

176 4068 266 4147 peria
299 4067 415 4127 diutius
449 4068 608 4128 sustinere.
671 4069 739 4129 Nisi
773 4071 799 4129 si
833 4068 906 4144 quid
938 4068 970 4126 in
1004 4064 1126 4124 Caesare
1158 4085 1212 4142 po-
