2967 4609
1205 371 1451 425 LIBER
1488 372 1586 425 VI.
2310 383 2431 440 109

417 576 480 628 et
526 586 775 627 causam
820 576 881 626 et
925 568 1229 626 hominem
1272 567 1553 644 probant,
1603 584 1900 642 suumque
1959 568 2248 626 auxilium
2303 571 2433 647 pol·

417 655 678 713 licentur
738 659 920 729 atque
982 653 1058 711 ab
1114 652 1501 711 multitudine
1561 652 2013 726 collaudantur3
2079 654 2184 729 qui
2241 675 2316 712 ex
2359 657 2435 715 iis

421 740 617 799 secuti
659 758 782 796 non
841 745 1003 812 sunt,
1059 738 1123 796 in
1183 739 1564 796 desertorum
1622 758 1691 796 ac
1749 738 2130 815 proditorum
2185 759 2434 800 numero

421 825 725 883 ducuntur
771 825 1157 898 omniumque
1201 824 1277 882 iis
1336 843 1539 882 rerum
1602 829 1818 900 postea
1873 823 2028 882 fides
2086 823 2433 901 derogatur.

421 910 747 987 Hospitem
812 909 1043 970 violare
1109 909 1207 968 fas
1272 929 1394 967 non
1449 915 1702 986 putant3
1775 910 1877 984 qui
1945 929 2303 985 quacunque
2361 911 2437 971 de

424 1015 611 1054 causa
657 995 736 1053 ad
780 1015 885 1054 eos
927 1003 1245 1069 venerunt,
1295 996 1370 1053 ab
1417 994 1643 1070 injuria
1686 995 2011 1072 prohibent
2070 1002 2437 1072 sanctosque

421 1081 665 1155 habent,
712 1081 913 1156 iisque
962 1081 1226 1139 omnium
1273 1079 1490 1139 domus
1536 1088 1753 1157 patent
1797 1081 2122 1155 victusque
2169 1101 2434 1140 commu-

424 1167 678 1225 nicatur.

593 1251 837 1310 XXIV.
898 1252 993 1309 Ac
1028 1249 1149 1309 fuit
1184 1257 1363 1310 antea
1397 1257 1659 1329 tempus,
1699 1272 1884 1328 quum
1910 1251 2248 1310 Germanos
2275 1252 2439 1311 Galli

424 1337 650 1397 virtute
697 1342 1074 1414 superarent,
1122 1337 1281 1395 ultro
1338 1337 1501 1395 bella
1556 1336 1880 1412 inferrent,
1942 1343 2192 1415 propter
2249 1338 2439 1397 homi-

316 1437 324 1443 ·
424 1443 569 1480 num
611 1422 1066 1481 multitudinem
1085 1468 1093 1474 .
1112 1423 1363 1498 agrique
1407 1423 1676 1500 inopiam
1733 1429 1904 1481 trans
1949 1423 2235 1482 Rhenum
2280 1425 2438 1483 colo-

425 1508 559 1566 nias
606 1508 935 1566 mitterent.
1026 1507 1247 1582 Itaque
1294 1528 1395 1582 ea,
1457 1528 1594 1584 quae
1656 1507 2040 1567 fertilissima
2098 1516 2242 1569 sunt
2288 1510 2440 1568 Ger-

427 1594 643 1653 maniae
688 1593 823 1652 loca
870 1593 1096 1651 circum
1118 1593 1496 1671 Hercyniam
1542 1594 1761 1654 silvam
1806 1593 2010 1669 (quam
2045 1595 2441 1654 Eratostheni

430 1685 491 1738 et
536 1679 905 1754 quibusdam
952 1678 1186 1737 Graecis
1232 1679 1397 1737 fama
1442 1686 1649 1738 notam
1700 1699 1837 1738 esse
1881 1679 2080 1754 vide0,
2129 1699 2313 1753 quam
2350 1681 2439 1738 illi

432 1764 759 1842 Orcyniam
838 1763 1191 1842 appellant),
1240 1765 1450 1824 Volcae
1526 1765 1900 1842 Tectosages
1981 1772 2440 1841 occupaverunt

431 1857 612 1925 atque
657 1851 743 1908 ibi
790 1850 1226 1925 consederunt;
1277 1870 1413 1926 quae
1460 1871 1613 1927 gens
1661 1851 1740 1910 ad
1783 1851 1898 1908 hoc
1942 1856 2186 1927 tempus
2230 1851 2308 1908 iis
2345 1871 2440 1910 se-

430 1935 607 1994 dibus
654 1955 791 1994 sese
840 1936 1109 1994 continet
1169 1955 1587 2010 summamque
1642 1937 1829 1995 habet
1876 1936 2136 2012 justitiae
2199 1942 2260 1994 et
2314 1937 2442 1995 bel-

429 2021 563 2080 licae
629 2020 828 2080 laudis
887 2022 1245 2098 opinionem.
1359 2021 1558 2096 Nunc,
1621 2022 1783 2097 quod
1848 2022 1911 2080 in
1957 2022 2169 2080 eadem
2215 2022 2438 2099 inopia,

432 2113 726 2184 egestate,
772 2107 1187 2184 patientiaque
1235 2106 1525 2166 Germani
1570 2114 1958 2185 permanent,
2021 2108 2234 2167 eodem
2277 2109 2446 2169 victu

438 2199 500 2251 et
565 2193 733 2251 cultu
791 2193 1063 2270 corporis
1130 2199 1401 2268 utuntur,
1475 2193 1673 2253 Gallis
1732 2200 1935 2253 autem
2000 2194 2452 2271 provinciarum

435 2278 858 2375 propinquitas
927 2284 986 2336 et
1052 2279 1600 2338 transmarinarum
1665 2299 1869 2338 rerum
1935 2279 2203 2337 notititia
2259 2280 2450 2338 multa
2518 2294 2525 2300 '

436 2363 514 2421 ad
559 2364 795 2461 copiam
843 2371 1024 2439 atque
1070 2383 1221 2422 usus
1266 2364 1544 2440 largitur,
1605 2365 1899 2441 paulatim
1956 2363 2291 2424 assvefacti
2349 2383 2448 2422 su-

433 2450 633 2527 perari
690 2449 1016 2524 multisque
1072 2449 1221 2510 victi
1276 2450 1512 2526 proeliis
1569 2469 1645 2508 ne
1706 2469 1772 2508 se
1823 2449 2076 2524 quidem
2133 2449 2252 2526 ipsi
2312 2469 2448 2507 cum

432 2534 555 2592 illis
599 2535 825 2595 virtute
873 2541 1250 2613 comparant.

604 2620 812 2679 XXV.
902 2619 1108 2696 Hujus
1152 2621 1482 2698 Hercyniae
1531 2620 1722 2696 silvae,
1772 2639 1908 2695 quae
1969 2638 2157 2696 supra
2202 2619 2446 2677 demon-

435 2711 626 2764 strata
672 2712 783 2781 est,
843 2706 1102 2765 latitudo
1158 2726 1379 2765 novem
1435 2706 1670 2764 dierum
1726 2705 1842 2764 iter
1899 2704 2181 2782 expedito
2241 2710 2442 2782 patet;

433 2808 554 2849 non
601 2792 759 2849 enim
805 2790 983 2850 aliter
1024 2792 1181 2850 finiri
1240 2797 1465 2868 potest,
1533 2811 1731 2866 neque
1789 2810 2105 2849 mensuras
2163 2791 2450 2850 itinerum

432 2884 749 2936 noverunt.
842 2877 1052 2936 Oritur
1098 2879 1172 2936 ab
1218 2877 1643 2937 Helvetiorum
1690 2884 1751 2936 et
1794 2876 2123 2935 Nemetum
2179 2884 2239 2936 et
2283 2877 2447 2935 Rau-

434 2982 713 3021 racorum
756 2960 982 3022 finibus
1027 2970 1319 3038 rectaque
1364 2961 1633 3021 fluminis
1679 2962 1950 3022 Danubii
2004 2964 2252 3039 regione
2309 2983 2447 3039 per-

435 3047 589 3106 tinet
634 3048 712 3106 ad
756 3046 910 3107 fines
954 3048 1263 3107 Dacorum
1309 3056 1371 3107 et
1413 3047 1768 3122 Anartium;
1831 3048 1973 3106 hinc
2020 3067 2087 3106 se
2131 3047 2323 3106 flectit
2369 3047 2448 3105 si—

434 3133 771 3192 nistrorsus
838 3133 1098 3193 diversis
1162 3134 1236 3192 ab
1293 3132 1540 3191 flumine
1601 3133 1953 3209 regionibus
1999 3133 2446 3206 multarumque

435 3219 705 3294 gentium
749 3218 903 3278 fines
945 3227 1197 3297 propter
1220 3219 1701 3295 magnitudinem
1737 3217 2010 3293 attingit3
2048 3237 2246 3292 neque
2283 3217 2446 3291 quis·

436 3310 636 3378 quam‘
660 3311 756 3363 est
800 3304 985 3380 hujus
1012 3304 1375 3380 Germaniae,
1425 3303 1529 3378 qui
1575 3323 1642 3363 se
1689 3311 1794 3362 aut
1839 3303 2042 3361 adisse
2089 3302 2168 3360 ad
2210 3302 2448 3360 initium

435 3387 567 3464 ejus
613 3390 787 3449 silvae
834 3390 1015 3465 dicat,
1064 3411 1249 3466 quum
1295 3390 1530 3448 dierum
1574 3391 1694 3448 iter
1726 3389 1847 3447 LX
1880 3388 2270 3465 processerit,
2320 3393 2442 3462 aut,

436 3493 551 3548 quo
599 3495 674 3534 ex
717 3476 850 3535 loco
900 3476 1146 3550 oriatur,
1196 3476 1520 3554 acceperit.
1611 3474 1926 3549 Multaque
1984 3474 2047 3532 in
2105 3494 2177 3532 ea
2220 3493 2448 3550 genera

434 3557 701 3619 ferarum
744 3562 917 3620 nasci
963 3567 1232 3637 constat,
1294 3581 1429 3636 quae
1491 3560 1742 3636 reliquis
1803 3561 1866 3618 in
1921 3559 2074 3618 locis
2131 3560 2268 3620 visa
2325 3579 2445 3618 non

435 3645 583 3719 sint3
654 3666 729 3705 ex
798 3647 1037 3722 quibus,
1108 3667 1243 3723 quae
1310 3647 1572 3705 maxime
1620 3645 1909 3704 differant
1979 3646 2055 3703 ab
2117 3646 2338 3704 ceteris
2386 3651 2446 3702 et

432 3733 739 3791 memoriae
783 3733 1101 3810 prodenda
1143 3733 1488 3808 videantur,
1536 3733 1669 3791 haec
1717 3738 1876 3790 sunt.

602 3817 845 3878 XXVI.
914 3819 1032 3876 Est
1073 3819 1187 3877 bos
1234 3818 1399 3878 cervi
1443 3817 1658 3895 figura,
1707 3817 1885 3892 cujus
1937 3838 1972 3876 a
2009 3815 2208 3874 media
2243 3813 2443 3872 fronte

430 3900 591 3960 inter
636 3923 815 3962 aures
870 3924 1056 3962 unum
1114 3923 1302 3962 cornu
1359 3903 1569 3962 existit
1625 3902 1926 3962 excelsius
1980 3900 2297 3976 magisque
2356 3897 2443 3955 di-

430 3993 669 4046 rectum
733 3988 829 4064 iis,
903 4009 1039 4065 quae
1108 3989 1284 4047 nobis
1329 3996 1475 4047 nota
1521 3996 1683 4063 sunt,
1753 3986 2057 4046 cornibus.
2161 3983 2259 4042 Ab
2308 3982 2441 4059 ejus

433 4091 663 4132 summo
712 4074 872 4134 sicut
914 4075 1133 4152 palmes
1177 4075 1450 4148 ramique
1506 4073 1630 4133 late
1675 4071 2115 4130 diffunduntur.
2206 4069 2442 4128 Eadem
