2967 4609
707 234 712 271 l

267 344 308 401 34
579 336 631 389 nn
649 335 777 391 annno
797 336 965 391 cancico

265 537 383 605 nerent,
405 532 532 608 priores,
557 531 639 605 quod
661 532 770 590 abesse
799 533 973 610 epericulo
1000 533 1186 608 viderentur,
1214 555 1268 594 ne-

268 636 327 693 que
355 616 418 675 nlla
438 617 623 675 necessitate
655 636 754 692 neque
786 618 912 696 imperio
946 619 1181 694 continerentur,
1216 641 1267 680 ex-

268 695 370 761 audito
405 703 536 761 clamore
569 704 757 779 perturbatis
796 704 952 763 ordinibus
986 724 1089 763 omnes
1128 705 1160 762 in
1192 705 1285 784 fuga

267 788 325 847 sibi
347 788 524 865 praesidium
546 796 702 865 ponerent.
760 788 811 847 Ita
844 790 909 848 sine
942 791 1004 848 ullo
1034 790 1170 867 periculo
1199 800 1266 851 tan-

265 882 329 933 tam
352 893 455 933 eorum
477 874 702 932 multitudinem
731 875 828 933 nostri
850 874 1085 950 interfecerunt,
1120 885 1267 951 quantum

266 959 323 1019 fuit
347 959 407 1017 diei
430 960 572 1037 spatium,
597 961 653 1018 sub
677 979 878 1036 occasumque
906 962 980 1020 solis
1009 961 1192 1022 destiterunt
1219 983 1269 1023 se·

267 1046 378 1121 quein
401 1053 511 1120 castra,
535 1051 570 1103 ut
593 1052 658 1103 erat
679 1046 871 1123 imperatum,
894 1055 1085 1124 receperunt.

353 1130 430 1189 XII.
486 1130 639 1189 Postridie
673 1131 740 1207 eins
775 1132 834 1190 diei
869 1131 986 1208 Caesar,
1021 1133 1199 1210 prinsquam
1233 1155 1266 1194 se

265 1218 370 1276 hostes
394 1224 568 1275 exterrere
592 1236 626 1274 ac
649 1216 723 1293 fuga
744 1218 928 1295 reciperent,
962 1220 993 1277 in
1021 1218 1097 1277 fines
1127 1220 1265 1280 Suessio-

266 1323 353 1377 num,
389 1302 440 1377 qui
473 1302 602 1379 proximi
635 1303 740 1361 Remis
775 1311 876 1378 erant,
916 1305 1083 1363 exercitum
1117 1305 1203 1365 duxit
1236 1315 1267 1365 et

266 1408 375 1464 magno
397 1388 505 1447 itinere
529 1387 568 1445 ad
602 1388 747 1466 oppidum
775 1389 989 1449 Noviodunum
1019 1390 1183 1449 contendit.
1228 1393 1268 1450 Id

266 1493 312 1533 ex·
336 1473 444 1531 itinere
476 1494 652 1551 oppugnare
686 1482 829 1550 conatus,
866 1475 947 1551 quod
978 1495 1109 1535 vacuum
1143 1479 1180 1536 ab
1215 1478 1267 1537 de-

266 1558 439 1618 fensoribus
462 1579 530 1618 esse
554 1560 705 1635 audiebat,
728 1568 855 1638 propter
876 1561 1068 1620 latitudinem
1090 1560 1183 1621 fossae
1201 1584 1265 1621 mu-

265 1646 352 1719 rique
386 1645 576 1703 altitudinem
603 1646 710 1723 paucis
740 1646 975 1705 defendentibus
1004 1667 1178 1723 expugnare
1206 1670 1267 1707 non

264 1731 372 1808 potuit.
430 1729 547 1789 Castris
581 1732 705 1789 munitis
734 1733 841 1791 vineas
871 1753 972 1810 agere,
1001 1752 1130 1809 quaequc
1153 1734 1191 1792 ad
1214 1755 1267 1812 op-

264 1816 463 1894 pugnandum
484 1818 554 1875 usui
577 1825 673 1892 erant,
696 1837 872 1894 comparare
900 1819 1001 1896 coepit.
1053 1820 1180 1877 Interim
1203 1840 1265 1878 om-

265 1902 313 1961 nis
337 1922 374 1961 ex
396 1901 470 1979 tinga
493 1902 689 1961 Suessionum
711 1904 873 1962 multitudo
896 1905 927 1962 in
956 1904 1101 1981 oppidum
1130 1906 1267 1982 proxima

264 1995 355 2047 noete
389 1989 538 2047 convenit.
607 1988 754 2047 Celeriter
786 1989 883 2048 vineis
922 1990 962 2049 ad
995 1989 1139 2067 oppidum
1178 1993 1265 2066 actiS,

267 2093 378 2149 aggere
397 2073 481 2149 jacto
511 2074 709 2149 turribusque
737 2075 928 2149 constitutis,
957 2076 1166 2152 magnitudine
1195 2097 1267 2155 ope-

264 2179 341 2229 rum,
365 2178 433 2233 quae
465 2178 564 2233 neque
597 2159 736 2219 viderant
769 2167 839 2219 ante
868 2160 949 2219 Galli
976 2180 1074 2236 neque
1098 2162 1265 2236 audierant,

166 2243 168 2247 ’
266 2252 297 2303 et
326 2244 481 2303 celeritate
509 2245 715 2303 Romanorum
742 2246 872 2323 permoti
899 2246 1018 2322 legatos
1046 2248 1086 2305 ad
1115 2247 1267 2307 Caesarem

266 2330 303 2389 de
327 2330 479 2389 deditione
501 2330 625 2389 mittunt
649 2338 679 2389 et
701 2332 876 2410 petentibus
898 2332 1013 2407 Remis,
1043 2341 1079 2391 ut
1107 2353 1268 2395 conserva-

265 2424 380 2491 rentur,
403 2416 576 2495 impetrant.

350 2502 445 2561 XIII.
482 2501 586 2561 Caesar
608 2502 766 2561 obsidibus
788 2504 924 2581 acceptis
940 2504 1046 2581 primis
1066 2505 1200 2564 civitatis
1223 2513 1268 2563 at-

266 2608 325 2664 que
346 2589 443 2670 ipsius
467 2588 573 2647 Galbae
596 2589 678 2665 regis
702 2588 821 2647 dnobus
843 2588 914 2647 filiis
943 2591 1095 2665 armisque
1127 2591 1266 2649 omnibns

267 2694 304 2732 ex
338 2673 448 2751 oppido
487 2673 608 2732 traditis
641 2675 681 2739 in
713 2674 897 2733 deditionem
937 2674 1116 2734 Suessiones
1150 2677 1268 2754 accepit

265 2760 490 2833 exercitumque
512 2759 544 2816 in
571 2759 752 2819 Bellovacos
781 2760 873 2819 ducit.
927 2760 985 2831 Qui
1014 2782 1107 2836 quum
1135 2781 1168 2819 se
1198 2782 1267 2820 sua-

267 2865 326 2919 que
356 2845 454 2904 omnia
481 2845 513 2902 in
540 2836 686 2921 oppidum
713 2845 966 2923 Bratuspantium
994 2847 1193 2906 contulissent
1221 2855 1266 2905 at-

266 2950 325 3005 que
359 2930 396 2989 ab
431 2949 466 2988 eo
501 2929 611 3007 oppido
636 2930 740 2989 Caesar
774 2951 841 2989 cum
872 2932 1007 2990 exercitu
1036 2932 1155 2991 circiter
1183 2933 1267 2991 milia

265 3035 410 3092 passuum
433 3016 565 3091 quinque
589 3017 720 3091 abesset,
750 3036 855 3076 omnes
885 3017 1017 3094 majores
1044 3025 1118 3076 natu
1147 3038 1184 3076 ex
1214 3039 1266 3096 op-

239 3119 241 3125 ’
265 3102 336 3178 pido
360 3101 476 3179 egressi
498 3121 605 3160 manus
629 3102 668 3161 ad
691 3101 844 3161 Gaesarem
866 3104 991 3162 tendere
1021 3112 1053 3163 et
1073 3124 1150 3162 voce
1173 3105 1266 3181 signi-

265 3186 357 3247 ficare
381 3194 537 3265 coeperunt
566 3206 635 3246 sese
663 3188 695 3246 in
724 3188 791 3265 ejus
819 3188 911 3247 fidem
939 3209 974 3247 ac
1002 3196 1187 3266 potestatem
1215 3211 1267 3250 ve-

264 3274 330 3332 nire
352 3293 450 3349 neque
473 3280 579 3331 contra
601 3274 747 3356 populum
763 3274 935 3333 Romanum
957 3276 1048 3334 armis
1062 3276 1265 3335 contendere,

265 3360 355 3432 Item,
379 3380 472 3433 quum
502 3359 541 3417 ad
574 3359 718 3436 oppidum
751 3361 935 3419 accessisset
964 3367 1126 3436 castaque
1148 3362 1192 3420 ibi
1212 3382 1266 3439 po-

265 3451 360 3519 neret,
388 3446 475 3522 pueri
502 3445 703 3520 mulieresque
734 3466 771 3504 ex
799 3466 884 3505 muro
917 3446 1018 3524 passis
1046 3446 1186 3505 manibus
1209 3467 1267 3506 suo

264 3549 347 3588 more
369 3544 476 3607 pacem
498 3531 535 3588 ab
558 3530 704 3589 Romanis
725 3532 889 3609 petienmt.

350 3615 438 3675 XIV.
483 3615 543 3674 Pro
565 3616 613 3674 his
633 3616 806 3677 Divitiacus
829 3617 910 3689 (nam
926 3624 997 3695 post
1015 3617 1184 3677 discessum
1195 3619 1265 3677 Bel-

265 3722 372 3777 garum
400 3701 533 3760 dimissis
562 3702 751 3761 Haeduorum
784 3704 879 3781 copiis
910 3704 949 3763 ad
982 3724 1051 3762 eum
1085 3704 1265 3775 reverterat)

265 3786 341 3845 facit
373 3788 483 3846 verba:
523 3786 705 3847 Bellovacos
745 3790 824 3847 omni
857 3797 994 3866 tempore
1027 3790 1059 3848 in
1080 3788 1140 3849 fide
1174 3799 1265 3865 atque

267 3873 399 3931 amicitia
422 3872 554 3931 civitatis
577 3873 705 3932 Haeduae
730 3874 843 3948 fuisse;
866 3876 1013 3952 impulsos
1037 3877 1074 3934 ab
1098 3874 1161 3933 suis
1183 3877 1264 3953 prin-

267 3957 394 4034 cipibus,
438 3958 490 4031 qui
529 3957 676 4022 dicerent
696 3960 833 4019 Haeduos
868 3982 885 4019 a
919 3960 1039 4019 Caesare
1072 3962 1103 4019 in
1136 3963 1265 4020 servitu-

270 4049 332 4100 tem
361 4042 503 4101 redactos
538 4062 642 4103 omnes
674 4045 873 4123 indignitates
906 4047 1164 4121 contumeliasque
1197 4067 1268 4125 per-
