2967 4609
178 1263 316 1374 ‘Gutum
340 1303 506 1375 est‘omnis
537 1315 636 1376 divisa
664 1316 695 1373 in
723 1325 827 1394 partes
857 1325 931 1393 tres,
966 1338 1094 1395 quarum
1120 1338 1241 1378 unam·
1285 1349 1288 1354 ·

180 1400 315 1460 incolunt
347 1401 468 1479 Belgae,
504 1401 594 1461 aliam
627 1402 788 1478 Aquitani,
822 1405 957 1479 tertiam,
993 1405 1044 1481 qui
1076 1406 1213 1483 ipsorum

180 1484 285 1564 lingva
307 1485 412 1561 Oeltae,
435 1493 541 1546 nostra
564 1487 645 1547 Galli
668 1488 869 1565 appellantur.
914 1490 957 1549 Hi
976 1509 1079 1549 omnes
1096 1491 1211 1568 lingva,
1325 1555 1329 1558 ,

180 1572 337 1648 institutis,
366 1572 485 1649 legibus
515 1573 594 1632 inter
622 1592 656 1631 se
679 1572 833 1633 differunt.
887 1574 993 1635 Gallos
1023 1576 1061 1634 ab
1084 1576 1211 1651 Aquita-

180 1658 227 1717 nis
257 1658 412 1720 Garumna
441 1656 561 1734 flumen,
591 1679 609 1718 a
636 1658 744 1735 Belgis
773 1660 915 1719 Matrona
943 1668 974 1720 et
997 1659 1138 1736 Sequana
1168 1661 1212 1720 di-

180 1744 265 1803 vidit.
321 1744 439 1804 Horum
467 1744 598 1803 omnium
626 1742 784 1803 fortissimi
812 1751 884 1803 sunt
905 1746 1021 1823 Belgae,
1050 1754 1214 1823 propterea
1289 1751 1294 1756 ’

181 1829 261 1906 quod
301 1850 318 1888 a
355 1830 438 1889 cultu
477 1836 568 1906 atque
606 1830 793 1889 humanitate
830 1831 997 1908 provinciae
1035 1831 1213 1908 longissime

181 1916 305 1991 absunt,
340 1916 520 1991 minimeque
555 1914 594 1975 ad
627 1934 679 1974 eos
708 1922 893 1975 mercatores
927 1935 1011 1995 saepe
1043 1924 1214 1976 commeant

180 2006 271 2077 atque
305 2022 350 2076 ea,
385 2021 452 2077 quae
487 1999 526 2059 ad
560 1998 781 2061 effeminandos
815 2002 931 2061 animos
960 2003 1123 2080 pertinent,
1157 2002 1212 2061 im·

180 2093 312 2164 portant,
346 2086 534 2164 proximique
563 2093 635 2145 sunt
663 2086 838 2162 Germanis,
874 2088 925 2164 qui
958 2095 1044 2147 trans
1071 2087 1214 2147 Rhenum

179 2172 324 2248 incolunt,
359 2172 540 2248 quibuscum
568 2172 758 2231 continenter
786 2172 899 2232 bellum
928 2180 1051 2251 gerunt3
1087 2194 1148 2249 qua
1175 2173 1214 2233 de

180 2278 273 2317 causa
295 2257 430 2317 Helvetii
453 2276 573 2333 quoque
595 2257 728 2333 reliquos
753 2258 859 2319 Gallos
889 2258 1212 2340 virurtepraecedunt,
1253 2280 1258 2287 ·

177 2343 262 2418 quod
288 2342 353 2402 fere
382 2342 566 2419 quotidianis
595 2340 710 2421 proeliis
739 2363 808 2402 cum
831 2344 991 2403 Germanis
1015 2342 1212 2418 contendunt,

180 2449 272 2504 quum
300 2436 352 2488 aut
381 2428 444 2487 suis
473 2426 585 2487 finibus
614 2446 666 2487 eos
697 2429 869 2505 prohibent,
900 2437 954 2488 aut
974 2430 1034 2506 ipsi
1055 2429 1087 2487 in
1110 2448 1214 2487 eorum

179 2512 289 2574 finibus
318 2514 431 2573 bellum
457 2520 576 2589 gerunt.
633 2514 747 2571 Eorum
774 2534 835 2571 una
862 2533 951 2591 pars,
985 2532 1076 2588 quam
1106 2512 1213 2571 Gallos

181 2601 316 2667 obtinere
344 2599 457 2659 dictum
485 2606 548 2673 ast,
582 2598 700 2657 initium
729 2598 812 2675 capit
844 2619 863 2657 a
886 2597 1017 2657 'flumine
1045 2595 1211 2671 Rhodano;

180 2686 351 2745 continetur
381 2685 536 2745 Garumna
565 2682 697 2758 flumine,
729 2682 861 2758 Oceano,
891 2683 1004 2743 finibus
1031 2683 1211 2759 Belgarum

178 2772 301 2848 attingit
329 2771 420 2840 etiarn
448 2772 486 2829 ab
511 2769 659 2844 Sequanis
688 2781 719 2829 et
740 2769 893 2830 Helvetiis
921 2768 1033 2828 flumen
1054 2768 1212 2837 Rhenum

179 2858 279 2935 vergit
320 2856 365 2917 ad·
399 2856 631 2933 septentriones.
694 2855 801 2931 Belgae
841 2856 878 2914 ab
919 2855 1061 2914 extremis
1103 2853 1212 2913 Galliae

179 2940 291 3001 finibus
325 2942 476 3015 oriuntur,
511 2940 665 3019 pertinent
699 2939 738 2999 ad
770 2938 944 3000 inferiorem
969 2947 1088 3018 partem
1115 2937 1212 2997 flumi-

179 3027 226 3087 nis
249 3028 363 3101 Rheni;
393 3033 534 3106 spectant
560 3026 591 3083 in
619 3026 843 3103 septentriones
871 3033 903 3085 et
930 3026 1077 3085 orientem
1106 3024 1210 3083 solem.

179 3112 345 3189 Aquitania
379 3134 397 3171 a
426 3112 581 3178 Garumna
613 3109 736 3169 flumine
770 3111 809 3170 ad
835 3110 1001 3188 Pyrenaeos
1029 3116 1147 3169 montes
1182 3115 1212 3167 et

180 3217 247 3257 eam
273 3206 392 3277 partem
421 3196 550 3270 Oceani,
585 3216 653 3271 quae
688 3202 735 3255 est
765 3196 805 3255 ad
833 3196 1029 3273 Hispaniam,
1063 3193 1209 3271 pertinet;

180 3290 301 3361 spectat
322 3285 402 3343 iuter
424 3302 566 3343 occasum
590 3282 662 3341 solis
686 3288 717 3339 et
739 3282 972 3358 septentriones.

265 3368 309 3428 Π.
355 3368 448 3447 Apud
475 3368 634 3427 Helvetios
662 3366 753 3443 longe
780 3366 987 3426 nobilissimus
1014 3364 1072 3423 fuit
1105 3371 1137 3423 et
1167 3362 1211 3421 di-

179 3454 316 3516 tissimus
346 3454 517 3531 Orgetorix.
567 3452 601 3511 Is
632 3451 673 3511 Μ.
704 3452 841 3525 Messala
867 3459 899 3511 et
925 3451 967 3511 M.
990 3451 1103 3510 Pisone
1130 3467 1210 3507 coss.

179 3540 265 3616 regni
299 3539 466 3617 cupiditate
498 3538 641 3597 inductus
670 3535 910 3613 conjurationem
938 3536 1105 3597 nobilitatis
1138 3532 1213 3593 iecit

180 3632 210 3683 et
243 3626 360 3685 civitati
394 3624 555 3703 persvasit,
592 3630 626 3681 ut
659 3622 697 3681 de
727 3620 839 3682 finibus
873 3624 937 3683 suis
971 3644 1040 3683 cum
1073 3620 1211 3680 omnibus

179 3709 275 3788 copiis
315 3711 444 3784 exirent,
486 3706 631 3787 perfacile
672 3726 755 3782 esse,
795 3728 887 3783 quum
926 3710 1039 3770 virtute
1073 3704 1211 3765 omnibus

179 3803 379 3871 praestarent,
413 3796 507 3855 totius
537 3792 645 3853 Galliae
674 3793 799 3870 imperio
830 3794 930 3872 potiri.
986 3792 1026 3852 Id
1052 3792 1109 3851 hoc
1137 3788 1211 3846 faci·

179 3880 236 3940 lius
271 3880 309 3940 iis
342 3880 510 3958 persuasit,
551 3878 632 3955 quod
670 3878 804 3954 undique
843 3880 903 3938 loci
935 3886 1044 3938 natura
1076 3871 1211 3941 Helvetii

179 3967 387 4041 continentur,
417 3986 478 4024 una
506 3985 543 4025 ex
565 3972 652 4043 parte
674 3962 796 4023 flumine
819 3964 926 4023 Rheno
948 3963 1096 4023 latissimo
1120 3966 1210 4033 atque

117 4116 120 4127 ¹
178 4050 336 4127 altissimo,
366 4053 418 4127 qui
447 4071 552 4127 agrum
581 4050 756 4109 Helvetium
785 4070 802 4107 a
832 4049 991 4109 Germanis
1020 4045 1139 4119 dividit,
1168 4043 1210 4102 al·
