<?xml version="1.0" encoding="UTF-8"?>
<!DOCTYPE html PUBLIC "-//W3C//DTD XHTML 1.0 Transitional//EN"
    "http://www.w3.org/TR/xhtml1/DTD/xhtml1-transitional.dtd">
<html xmlns="http://www.w3.org/1999/xhtml" xml:lang="en" lang="en">
 <head>
  <title>
</title>
<meta http-equiv="Content-Type" content="text/html;charset=utf-8" />
  <meta name='ocr-system' content='tesseract 3.04.00' />
  <meta name='ocr-capabilities' content='ocr_page ocr_carea ocr_par ocr_line ocrx_word'/>
</head>
<body>
  <div class='ocr_page' id='page_1' title='image "./gajijuliicaesar00whitgoog_0193.png"; bbox 0 0 2967 4609; ppageno 0'>
   <div class='ocr_carea' id='block_1_1' title="bbox 1197 302 2389 394">
    <p class='ocr_par' dir='ltr' id='par_1_1' title="bbox 1197 302 2389 394">
     <span class='ocr_line' id='line_1_1' title="bbox 1197 302 2389 394; baseline 0.001 -11"><span class='ocrx_word' id='word_1_1' title='bbox 1197 327 1438 383; x_wconf 82' lang='lat' dir='ltr'><strong>LIBER</strong></span> <span class='ocrx_word' id='word_1_2' title='bbox 1470 328 1634 384; x_wconf 88' lang='lat' dir='ltr'><strong>VIII.</strong></span> <span class='ocrx_word' id='word_1_3' title='bbox 1660 302 1666 309; x_wconf 42' lang='grc'>’</span> <span class='ocrx_word' id='word_1_4' title='bbox 1773 369 1775 372; x_wconf 28' lang='lat'><em>⁴</em></span> <span class='ocrx_word' id='word_1_5' title='bbox 2273 338 2389 394; x_wconf 58' lang='lat' dir='ltr'>Hi}</span> 
     </span>
    </p>
   </div>
   <div class='ocr_carea' id='block_1_2' title="bbox 319 527 2385 4202">
    <p class='ocr_par' dir='ltr' id='par_1_2' title="bbox 387 527 2385 1548">
     <span class='ocr_line' id='line_1_2' title="bbox 389 527 2377 606; baseline 0 -20"><span class='ocrx_word' id='word_1_6' title='bbox 389 527 618 587; x_wconf 89' lang='lat' dir='ltr'>vellere</span> <span class='ocrx_word' id='word_1_7' title='bbox 680 527 1021 605; x_wconf 89' lang='lat' dir='ltr'>cupiebant.</span> <span class='ocrx_word' id='word_1_8' title='bbox 1124 527 1306 586; x_wconf 86' lang='lat' dir='ltr'>Hunc</span> <span class='ocrx_word' id='word_1_9' title='bbox 1367 527 1483 586; x_wconf 89' lang='lat' dir='ltr'>etsi</span> <span class='ocrx_word' id='word_1_10' title='bbox 1551 548 1838 604; x_wconf 77' lang='lat' dir='ltr'>augurem</span> <span class='ocrx_word' id='word_1_11' title='bbox 1903 529 2075 606; x_wconf 88' lang='lat' dir='ltr'>prius</span> <span class='ocrx_word' id='word_1_12' title='bbox 2128 530 2377 602; x_wconf 62' lang='lat' dir='ltr'>sas-ium,</span> 
     </span>
     <span class='ocr_line' id='line_1_3' title="bbox 391 613 2375 690; baseline -0.001 -19"><span class='ocrx_word' id='word_1_13' title='bbox 391 633 573 689; x_wconf 90' lang='lat' dir='ltr'>quam</span> <span class='ocrx_word' id='word_1_14' title='bbox 608 613 853 672; x_wconf 91' lang='lat' dir='ltr'>Italiam</span> <span class='ocrx_word' id='word_1_15' title='bbox 897 613 1240 690; x_wconf 87' lang='lat' dir='ltr'>attingeret,</span> <span class='ocrx_word' id='word_1_16' title='bbox 1296 613 1359 670; x_wconf 92' lang='lat' dir='ltr'>in</span> <span class='ocrx_word' id='word_1_17' title='bbox 1402 613 1617 672; x_wconf 89' lang='lat' dir='ltr'>itinere</span> <span class='ocrx_word' id='word_1_18' title='bbox 1663 613 1955 689; x_wconf 90' lang='lat' dir='ltr'>audierat,</span> <span class='ocrx_word' id='word_1_19' title='bbox 2014 620 2213 674; x_wconf 69' lang='lat' dir='ltr'>tamen</span> <span class='ocrx_word' id='word_1_20' title='bbox 2265 638 2375 670; x_wconf 69' lang='lat' dir='ltr'>mm</span> 
     </span>
     <span class='ocr_line' id='line_1_4' title="bbox 388 699 2381 777; baseline 0.001 -21"><span class='ocrx_word' id='word_1_21' title='bbox 388 699 587 758; x_wconf 88' lang='lat' dir='ltr'>minus</span> <span class='ocrx_word' id='word_1_22' title='bbox 624 699 858 774; x_wconf 82' lang='lat' dir='ltr'>justam</span> <span class='ocrx_word' id='word_1_23' title='bbox 903 699 1019 757; x_wconf 87' lang='lat' dir='ltr'>sibi</span> <span class='ocrx_word' id='word_1_24' title='bbox 1063 719 1309 758; x_wconf 89' lang='lat' dir='ltr'>causam</span> <span class='ocrx_word' id='word_1_25' title='bbox 1350 699 1678 777; x_wconf 88' lang='lat' dir='ltr'>municipia</span> <span class='ocrx_word' id='word_1_26' title='bbox 1721 705 1782 758; x_wconf 89' lang='lat' dir='ltr'>et</span> <span class='ocrx_word' id='word_1_27' title='bbox 1819 699 2085 758; x_wconf 86' lang='lat' dir='ltr'>colonias</span> <span class='ocrx_word' id='word_1_28' title='bbox 2123 702 2381 758; x_wconf 45' lang='lat' dir='ltr'>asli-:unali</span> 
     </span>
     <span class='ocr_line' id='line_1_5' title="bbox 389 783 2377 862; baseline -0.002 -18"><span class='ocrx_word' id='word_1_29' title='bbox 389 785 777 860; x_wconf 79' lang='lat' dir='ltr'>existimavit,</span> <span class='ocrx_word' id='word_1_30' title='bbox 822 790 891 842; x_wconf 90' lang='lat' dir='ltr'>ut</span> <span class='ocrx_word' id='word_1_31' title='bbox 931 785 1008 843; x_wconf 91' lang='lat' dir='ltr'>iis</span> <span class='ocrx_word' id='word_1_32' title='bbox 1052 785 1279 862; x_wconf 75' lang='lat' dir='ltr'>gratias</span> <span class='ocrx_word' id='word_1_33' title='bbox 1327 791 1552 861; x_wconf 88' lang='lat' dir='ltr'>ageret,</span> <span class='ocrx_word' id='word_1_34' title='bbox 1579 784 1741 860; x_wconf 93' lang='lat' dir='ltr'>quod</span> <span class='ocrx_word' id='word_1_35' title='bbox 1763 783 2169 860; x_wconf 84' lang='lat' dir='ltr'>frequentiam.</span> <span class='ocrx_word' id='word_1_36' title='bbox 2197 806 2377 862; x_wconf 57' lang='lat' dir='ltr'>utrque</span> 
     </span>
     <span class='ocr_line' id='line_1_6' title="bbox 390 869 2385 948; baseline 0.001 -19"><span class='ocrx_word' id='word_1_37' title='bbox 390 869 660 929; x_wconf 85' lang='lat' dir='ltr'>officium</span> <span class='ocrx_word' id='word_1_38' title='bbox 726 890 901 930; x_wconf 89' lang='lat' dir='ltr'>suum</span> <span class='ocrx_word' id='word_1_39' title='bbox 964 870 1228 930; x_wconf 86' lang='lat' dir='ltr'>Antonio</span> <span class='ocrx_word' id='word_1_40' title='bbox 1268 870 1758 948; x_wconf 72' lang='lat' dir='ltr'>praestitissent,</span> <span class='ocrx_word' id='word_1_41' title='bbox 1821 871 2119 946; x_wconf 85' lang='lat' dir='ltr'>simulque</span> <span class='ocrx_word' id='word_1_42' title='bbox 2189 894 2253 930; x_wconf 64' lang='grc'>30</span> <span class='ocrx_word' id='word_1_43' title='bbox 2325 886 2385 930; x_wconf 70' lang='lat' dir='ltr'>et</span> 
     </span>
     <span class='ocr_line' id='line_1_7' title="bbox 387 953 2377 1034; baseline 0 -20"><span class='ocrx_word' id='word_1_44' title='bbox 387 957 677 1016; x_wconf 86' lang='lat' dir='ltr'>honorem</span> <span class='ocrx_word' id='word_1_45' title='bbox 744 975 921 1015; x_wconf 88' lang='grc'><strong>31111111</strong></span> <span class='ocrx_word' id='word_1_46' title='bbox 977 953 1077 1029; x_wconf 86' lang='grc'><strong>[111]</strong></span> <span class='ocrx_word' id='word_1_47' title='bbox 1136 957 1443 1032; x_wconf 86' lang='lat' dir='ltr'>sequentis</span> <span class='ocrx_word' id='word_1_48' title='bbox 1502 957 1642 1015; x_wconf 87' lang='lat' dir='ltr'>anni</span> <span class='ocrx_word' id='word_1_49' title='bbox 1699 957 2145 1016; x_wconf 82' lang='lat' dir='ltr'>commendaret</span> <span class='ocrx_word' id='word_1_50' title='bbox 2209 958 2377 1034; x_wconf 63' lang='grc'><strong>1113111-</strong></span> 
     </span>
     <span class='ocr_line' id='line_1_8' title="bbox 388 1040 2373 1123; baseline -0.001 -23"><span class='ocrx_word' id='word_1_51' title='bbox 388 1040 668 1123; x_wconf 30' lang='grc'><strong>1;10113111],,</strong></span> <span class='ocrx_word' id='word_1_52' title='bbox 700 1048 1022 1120; x_wconf 89' lang='lat' dir='ltr'>propterea</span> <span class='ocrx_word' id='word_1_53' title='bbox 1067 1043 1227 1118; x_wconf 92' lang='lat' dir='ltr'>quod</span> <span class='ocrx_word' id='word_1_54' title='bbox 1270 1042 1603 1101; x_wconf 85' lang='lat' dir='ltr'>insolenter</span> <span class='ocrx_word' id='word_1_55' title='bbox 1647 1040 1982 1102; x_wconf 88' lang='lat' dir='ltr'>adversarii</span> <span class='ocrx_word' id='word_1_56' title='bbox 2027 1043 2122 1102; x_wconf 90' lang='lat' dir='ltr'>sui</span> <span class='ocrx_word' id='word_1_57' title='bbox 2157 1046 2373 1118; x_wconf 60' lang='lat' dir='ltr'>gluria-</span> 
     </span>
     <span class='ocr_line' id='line_1_9' title="bbox 393 1128 2379 1202; baseline 0.001 -17"><span class='ocrx_word' id='word_1_58' title='bbox 393 1134 603 1186; x_wconf 88' lang='lat' dir='ltr'>rentur</span> <span class='ocrx_word' id='word_1_59' title='bbox 645 1128 718 1185; x_wconf 90' lang='lat' dir='ltr'>L.</span> <span class='ocrx_word' id='word_1_60' title='bbox 764 1128 1091 1186; x_wconf 88' lang='lat' dir='ltr'>Lentulum</span> <span class='ocrx_word' id='word_1_61' title='bbox 1136 1135 1197 1186; x_wconf 89' lang='lat' dir='ltr'>et</span> <span class='ocrx_word' id='word_1_62' title='bbox 1242 1128 1315 1187; x_wconf 75' lang='lat' dir='ltr'>G.</span> <span class='ocrx_word' id='word_1_63' title='bbox 1340 1128 1701 1187; x_wconf 87' lang='lat' dir='ltr'>Marcellum</span> <span class='ocrx_word' id='word_1_64' title='bbox 1745 1147 1901 1187; x_wconf 86' lang='lat' dir='ltr'>coss.</span> <span class='ocrx_word' id='word_1_65' title='bbox 1963 1135 2217 1194; x_wconf 68' lang='lat' dir='ltr'>creatus.</span> <span class='ocrx_word' id='word_1_66' title='bbox 2281 1130 2379 1202; x_wconf 73' lang='lat' dir='ltr'>qui</span> 
     </span>
     <span class='ocr_line' id='line_1_10' title="bbox 390 1213 2377 1291; baseline 0.001 -19"><span class='ocrx_word' id='word_1_67' title='bbox 390 1233 627 1272; x_wconf 91' lang='lat' dir='ltr'>omnem</span> <span class='ocrx_word' id='word_1_68' title='bbox 669 1213 956 1272; x_wconf 88' lang='lat' dir='ltr'>honorem</span> <span class='ocrx_word' id='word_1_69' title='bbox 1001 1220 1063 1273; x_wconf 89' lang='lat' dir='ltr'>et</span> <span class='ocrx_word' id='word_1_70' title='bbox 1106 1213 1459 1290; x_wconf 87' lang='lat' dir='ltr'>dignitatem</span> <span class='ocrx_word' id='word_1_71' title='bbox 1484 1213 1745 1272; x_wconf 87' lang='lat' dir='ltr'>Caesaris</span> <span class='ocrx_word' id='word_1_72' title='bbox 1791 1215 2149 1291; x_wconf 71' lang='lat' dir='ltr'>spoliarent3</span> <span class='ocrx_word' id='word_1_73' title='bbox 2213 1238 2377 1290; x_wconf 50' lang='lat' dir='ltr'>÷«·-.r=÷1.*=</span> 
     </span>
     <span class='ocr_line' id='line_1_11' title="bbox 387 1299 2381 1377; baseline 0.002 -21"><span class='ocrx_word' id='word_1_74' title='bbox 387 1305 519 1357; x_wconf 90' lang='lat' dir='ltr'>tum</span> <span class='ocrx_word' id='word_1_75' title='bbox 564 1299 692 1357; x_wconf 83' lang='lat' dir='ltr'>Ser.</span> <span class='ocrx_word' id='word_1_76' title='bbox 742 1299 955 1358; x_wconf 85' lang='lat' dir='ltr'>Galbae</span> <span class='ocrx_word' id='word_1_77' title='bbox 1001 1301 1395 1375; x_wconf 88' lang='lat' dir='ltr'>consulatum,</span> <span class='ocrx_word' id='word_1_78' title='bbox 1444 1321 1628 1374; x_wconf 92' lang='lat' dir='ltr'>quum</span> <span class='ocrx_word' id='word_1_79' title='bbox 1670 1300 1725 1358; x_wconf 92' lang='lat' dir='ltr'>is</span> <span class='ocrx_word' id='word_1_80' title='bbox 1768 1300 1955 1358; x_wconf 92' lang='lat' dir='ltr'>multo</span> <span class='ocrx_word' id='word_1_81' title='bbox 1999 1301 2137 1377; x_wconf 82' lang='lat' dir='ltr'>plus</span> <span class='ocrx_word' id='word_1_82' title='bbox 2185 1302 2381 1374; x_wconf 51' lang='lat' dir='ltr'>,igr-fitia</span> 
     </span>
     <span class='ocr_line' id='line_1_12' title="bbox 391 1383 2377 1461; baseline 0 -19"><span class='ocrx_word' id='word_1_83' title='bbox 391 1383 826 1461; x_wconf 85' lang='lat' dir='ltr'>suffragiisque</span> <span class='ocrx_word' id='word_1_84' title='bbox 870 1384 1183 1461; x_wconf 86' lang='lat' dir='ltr'>valuisset,</span> <span class='ocrx_word' id='word_1_85' title='bbox 1231 1385 1393 1461; x_wconf 91' lang='lat' dir='ltr'>quod</span> <span class='ocrx_word' id='word_1_86' title='bbox 1438 1385 1555 1444; x_wconf 89' lang='lat' dir='ltr'>sibi</span> <span class='ocrx_word' id='word_1_87' title='bbox 1601 1384 1960 1461; x_wconf 86' lang='lat' dir='ltr'>conjunctus</span> <span class='ocrx_word' id='word_1_88' title='bbox 2020 1392 2082 1445; x_wconf 92' lang='lat' dir='ltr'>et</span> <span class='ocrx_word' id='word_1_89' title='bbox 2123 1386 2377 1446; x_wconf 61' lang='lat' dir='ltr'>famili-21-</span> 
     </span>
     <span class='ocr_line' id='line_1_13' title="bbox 390 1470 1766 1548; baseline 0 -20"><span class='ocrx_word' id='word_1_90' title='bbox 390 1470 573 1529; x_wconf 86' lang='lat' dir='ltr'>ritate</span> <span class='ocrx_word' id='word_1_91' title='bbox 619 1477 680 1529; x_wconf 94' lang='lat' dir='ltr'>et</span> <span class='ocrx_word' id='word_1_92' title='bbox 722 1471 1171 1530; x_wconf 80' lang='lat' dir='ltr'>necessitudine</span> <span class='ocrx_word' id='word_1_93' title='bbox 1214 1471 1535 1548; x_wconf 86' lang='lat' dir='ltr'>legationis</span> <span class='ocrx_word' id='word_1_94' title='bbox 1583 1478 1766 1530; x_wconf 89' lang='lat' dir='ltr'>esset.</span> 
     </span>
    </p>

    <p class='ocr_par' dir='ltr' id='par_1_3' title="bbox 388 1556 2381 2406">
     <span class='ocr_line' id='line_1_14' title="bbox 560 1556 2377 1633; baseline 0 -19"><span class='ocrx_word' id='word_1_95' title='bbox 560 1556 668 1614; x_wconf 92' lang='lat' dir='ltr'>LI.</span> <span class='ocrx_word' id='word_1_96' title='bbox 757 1556 1071 1633; x_wconf 82' lang='lat' dir='ltr'>Exceptus</span> <span class='ocrx_word' id='word_1_97' title='bbox 1139 1563 1235 1616; x_wconf 90' lang='lat' dir='ltr'>est</span> <span class='ocrx_word' id='word_1_98' title='bbox 1281 1556 1542 1615; x_wconf 74' lang='lat' dir='ltr'>Caesaris</span> <span class='ocrx_word' id='word_1_99' title='bbox 1610 1556 1910 1617; x_wconf 87' lang='lat' dir='ltr'>adventus</span> <span class='ocrx_word' id='word_1_100' title='bbox 1967 1558 2042 1616; x_wconf 87' lang='lat' dir='ltr'>ab</span> <span class='ocrx_word' id='word_1_101' title='bbox 2103 1562 2377 1616; x_wconf 62' lang='lat' dir='ltr'>omuilme</span> 
     </span>
     <span class='ocr_line' id='line_1_15' title="bbox 390 1641 2377 1718; baseline -0.001 -19"><span class='ocrx_word' id='word_1_102' title='bbox 390 1641 732 1718; x_wconf 89' lang='lat' dir='ltr'>municipiis</span> <span class='ocrx_word' id='word_1_103' title='bbox 802 1648 863 1700; x_wconf 89' lang='lat' dir='ltr'>et</span> <span class='ocrx_word' id='word_1_104' title='bbox 928 1642 1177 1701; x_wconf 89' lang='lat' dir='ltr'>coloniis</span> <span class='ocrx_word' id='word_1_105' title='bbox 1241 1642 1582 1701; x_wconf 84' lang='lat' dir='ltr'>incredibili</span> <span class='ocrx_word' id='word_1_106' title='bbox 1636 1643 1863 1701; x_wconf 89' lang='lat' dir='ltr'>honore</span> <span class='ocrx_word' id='word_1_107' title='bbox 1920 1650 2103 1718; x_wconf 88' lang='lat' dir='ltr'>atque</span> <span class='ocrx_word' id='word_1_108' title='bbox 2145 1666 2377 1714; x_wconf 47' lang='lat' dir='ltr'>amram</span> 
     </span>
     <span class='ocr_line' id='line_1_16' title="bbox 390 1727 2377 1804; baseline 0.001 -20"><span class='ocrx_word' id='word_1_109' title='bbox 390 1734 520 1785; x_wconf 94' lang='lat' dir='ltr'>tum</span> <span class='ocrx_word' id='word_1_110' title='bbox 562 1727 821 1804; x_wconf 90' lang='lat' dir='ltr'>primum</span> <span class='ocrx_word' id='word_1_111' title='bbox 865 1727 1022 1786; x_wconf 91' lang='lat' dir='ltr'>enim</span> <span class='ocrx_word' id='word_1_112' title='bbox 1064 1728 1349 1788; x_wconf 86' lang='lat' dir='ltr'>veniebat</span> <span class='ocrx_word' id='word_1_113' title='bbox 1372 1729 1445 1786; x_wconf 90' lang='lat' dir='ltr'>ab</span> <span class='ocrx_word' id='word_1_114' title='bbox 1470 1728 1574 1786; x_wconf 90' lang='lat' dir='ltr'>illo</span> <span class='ocrx_word' id='word_1_115' title='bbox 1608 1728 1910 1788; x_wconf 79' lang='lat' dir='ltr'>universae</span> <span class='ocrx_word' id='word_1_116' title='bbox 1946 1729 2161 1787; x_wconf 76' lang='lat' dir='ltr'>Galliae</span> <span class='ocrx_word' id='word_1_117' title='bbox 2205 1730 2377 1786; x_wconf 41' lang='grc' dir='ltr'><strong>ἰπὶ-1111,</strong></span> 
     </span>
     <span class='ocr_line' id='line_1_17' title="bbox 388 1813 2377 1891; baseline -0.001 -19"><span class='ocrx_word' id='word_1_118' title='bbox 388 1813 557 1872; x_wconf 85' lang='lat' dir='ltr'>Nihil</span> <span class='ocrx_word' id='word_1_119' title='bbox 576 1813 1048 1888; x_wconf 79' lang='lat' dir='ltr'>relinquebatur,</span> <span class='ocrx_word' id='word_1_120' title='bbox 1086 1814 1247 1889; x_wconf 92' lang='lat' dir='ltr'>quod</span> <span class='ocrx_word' id='word_1_121' title='bbox 1284 1813 1362 1872; x_wconf 88' lang='lat' dir='ltr'>ad</span> <span class='ocrx_word' id='word_1_122' title='bbox 1396 1821 1672 1872; x_wconf 89' lang='lat' dir='ltr'>ornatum</span> <span class='ocrx_word' id='word_1_123' title='bbox 1705 1821 2033 1891; x_wconf 88' lang='lat' dir='ltr'>portarum,</span> <span class='ocrx_word' id='word_1_124' title='bbox 2079 1814 2377 1886; x_wconf 46' lang='lat' dir='ltr'>itini-frum,</span> 
     </span>
     <span class='ocr_line' id='line_1_18' title="bbox 388 1898 2377 1978; baseline 0.001 -22"><span class='ocrx_word' id='word_1_125' title='bbox 388 1898 659 1957; x_wconf 88' lang='lat' dir='ltr'>locorum</span> <span class='ocrx_word' id='word_1_126' title='bbox 702 1899 981 1974; x_wconf 92' lang='lat' dir='ltr'>omnium,</span> <span class='ocrx_word' id='word_1_127' title='bbox 1029 1918 1148 1974; x_wconf 89' lang='lat' dir='ltr'>qua</span> <span class='ocrx_word' id='word_1_128' title='bbox 1188 1898 1395 1958; x_wconf 87' lang='lat' dir='ltr'>Caesar</span> <span class='ocrx_word' id='word_1_129' title='bbox 1426 1899 1622 1959; x_wconf 88' lang='lat' dir='ltr'>iturus</span> <span class='ocrx_word' id='word_1_130' title='bbox 1669 1906 1816 1975; x_wconf 91' lang='lat' dir='ltr'>erat,</span> <span class='ocrx_word' id='word_1_131' title='bbox 1865 1900 2189 1976; x_wconf 83' lang='lat' dir='ltr'>excogitari</span> <span class='ocrx_word' id='word_1_132' title='bbox 2241 1922 2377 1978; x_wconf 61' lang='lat' dir='ltr'>poa-</span> 
     </span>
     <span class='ocr_line' id='line_1_19' title="bbox 392 1983 2377 2063; baseline 0.001 -21"><span class='ocrx_word' id='word_1_133' title='bbox 392 1990 503 2042; x_wconf 89' lang='lat' dir='ltr'>set.</span> <span class='ocrx_word' id='word_1_134' title='bbox 597 1983 747 2042; x_wconf 92' lang='lat' dir='ltr'>Cum</span> <span class='ocrx_word' id='word_1_135' title='bbox 787 1985 995 2044; x_wconf 87' lang='lat' dir='ltr'>liberis</span> <span class='ocrx_word' id='word_1_136' title='bbox 1062 1985 1253 2044; x_wconf 89' lang='lat' dir='ltr'>omnis</span> <span class='ocrx_word' id='word_1_137' title='bbox 1321 1984 1643 2044; x_wconf 89' lang='lat' dir='ltr'>multitudo</span> <span class='ocrx_word' id='word_1_138' title='bbox 1699 1985 1939 2045; x_wconf 84' lang='lat' dir='ltr'>obviam</span> <span class='ocrx_word' id='word_1_139' title='bbox 1992 1986 2377 2063; x_wconf 54' lang='lat' dir='ltr'>procedebat,</span> 
     </span>
     <span class='ocr_line' id='line_1_20' title="bbox 389 2069 2381 2148; baseline 0.002 -20"><span class='ocrx_word' id='word_1_140' title='bbox 389 2069 607 2128; x_wconf 77' lang='lat' dir='ltr'>hostiae</span> <span class='ocrx_word' id='word_1_141' title='bbox 644 2070 918 2129; x_wconf 83' lang='lat' dir='ltr'>omnibus</span> <span class='ocrx_word' id='word_1_142' title='bbox 955 2071 1105 2130; x_wconf 87' lang='grc'><strong>10013</strong></span> <span class='ocrx_word' id='word_1_143' title='bbox 1144 2070 1629 2148; x_wconf 85' lang='lat' dir='ltr'>immolabantur,</span> <span class='ocrx_word' id='word_1_144' title='bbox 1664 2071 1942 2130; x_wconf 87' lang='lat' dir='ltr'>tricliniis</span> <span class='ocrx_word' id='word_1_145' title='bbox 1992 2074 2197 2130; x_wconf 68' lang='lat' dir='ltr'>stratis</span> <span class='ocrx_word' id='word_1_146' title='bbox 2249 2074 2381 2130; x_wconf 58' lang='lat' dir='ltr'>fera</span> 
     </span>
     <span class='ocr_line' id='line_1_21' title="bbox 389 2155 2377 2234; baseline 0.001 -21"><span class='ocrx_word' id='word_1_147' title='bbox 389 2155 737 2232; x_wconf 91' lang='lat' dir='ltr'>templaque</span> <span class='ocrx_word' id='word_1_148' title='bbox 783 2157 1251 2234; x_wconf 82' lang='lat' dir='ltr'>occupabantur,</span> <span class='ocrx_word' id='word_1_149' title='bbox 1296 2164 1366 2216; x_wconf 87' lang='lat' dir='ltr'>ut</span> <span class='ocrx_word' id='word_1_150' title='bbox 1406 2156 1510 2217; x_wconf 91' lang='lat' dir='ltr'>vel</span> <span class='ocrx_word' id='word_1_151' title='bbox 1567 2156 2041 2234; x_wconf 86' lang='lat' dir='ltr'>expectatissimi</span> <span class='ocrx_word' id='word_1_152' title='bbox 2095 2158 2377 2234; x_wconf 66' lang='lat' dir='ltr'>triumphi</span> 
     </span>
     <span class='ocr_line' id='line_1_22' title="bbox 389 2241 2377 2320; baseline 0.002 -22"><span class='ocrx_word' id='word_1_153' title='bbox 389 2241 606 2299; x_wconf 88' lang='lat' dir='ltr'>laetitia</span> <span class='ocrx_word' id='word_1_154' title='bbox 667 2242 918 2320; x_wconf 89' lang='lat' dir='ltr'>praecipi</span> <span class='ocrx_word' id='word_1_155' title='bbox 974 2249 1203 2319; x_wconf 86' lang='lat' dir='ltr'>posset.</span> <span class='ocrx_word' id='word_1_156' title='bbox 1306 2243 1504 2301; x_wconf 83' lang='lat' dir='ltr'>Tanta</span> <span class='ocrx_word' id='word_1_157' title='bbox 1560 2251 1690 2302; x_wconf 90' lang='lat' dir='ltr'>erat</span> <span class='ocrx_word' id='word_1_158' title='bbox 1729 2241 2177 2320; x_wconf 78' lang='lat' dir='ltr'>magnificentia</span> <span class='ocrx_word' id='word_1_159' title='bbox 2221 2246 2377 2318; x_wconf 64' lang='lat' dir='ltr'>:npffll</span> 
     </span>
     <span class='ocr_line' id='line_1_23' title="bbox 395 2326 1791 2406; baseline -0.001 -19"><span class='ocrx_word' id='word_1_160' title='bbox 395 2326 823 2404; x_wconf 87' lang='lat' dir='ltr'>opulentiores,</span> <span class='ocrx_word' id='word_1_161' title='bbox 873 2328 1173 2406; x_wconf 81' lang='lat' dir='ltr'>cupiditas</span> <span class='ocrx_word' id='word_1_162' title='bbox 1219 2328 1384 2405; x_wconf 87' lang='lat' dir='ltr'>apud</span> <span class='ocrx_word' id='word_1_163' title='bbox 1424 2328 1791 2387; x_wconf 62' lang='lat' dir='ltr'>humiliores</span> 
     </span>
    </p>

    <p class='ocr_par' dir='ltr' id='par_1_4' title="bbox 319 2412 2381 4202">
     <span class='ocr_line' id='line_1_24' title="bbox 562 2412 2381 2490; baseline -0.001 -20"><span class='ocrx_word' id='word_1_164' title='bbox 562 2412 708 2471; x_wconf 90' lang='lat' dir='ltr'><strong>LII.</strong></span> <span class='ocrx_word' id='word_1_165' title='bbox 799 2412 998 2483; x_wconf 82' lang='lat' dir='ltr'>Quum</span> <span class='ocrx_word' id='word_1_166' title='bbox 1042 2433 1248 2472; x_wconf 91' lang='lat' dir='ltr'>omnes</span> <span class='ocrx_word' id='word_1_167' title='bbox 1293 2415 1573 2490; x_wconf 85' lang='lat' dir='ltr'>regiones</span> <span class='ocrx_word' id='word_1_168' title='bbox 1620 2414 1835 2472; x_wconf 77' lang='lat' dir='ltr'>Galliae</span> <span class='ocrx_word' id='word_1_169' title='bbox 1878 2414 2128 2490; x_wconf 84' lang='lat' dir='ltr'>Togatae</span> <span class='ocrx_word' id='word_1_170' title='bbox 2177 2414 2381 2470; x_wconf 54' lang='lat' dir='ltr'>[laeam</span> 
     </span>
     <span class='ocr_line' id='line_1_25' title="bbox 392 2498 2373 2575; baseline 0 -20"><span class='ocrx_word' id='word_1_171' title='bbox 392 2498 893 2575; x_wconf 86' lang='lat' dir='ltr'>percucurrisset,</span> <span class='ocrx_word' id='word_1_172' title='bbox 942 2518 1173 2557; x_wconf 89' lang='lat' dir='ltr'>summa</span> <span class='ocrx_word' id='word_1_173' title='bbox 1217 2519 1353 2558; x_wconf 86' lang='lat' dir='ltr'>cum</span> <span class='ocrx_word' id='word_1_174' title='bbox 1396 2499 1704 2559; x_wconf 89' lang='lat' dir='ltr'>celeritate</span> <span class='ocrx_word' id='word_1_175' title='bbox 1748 2498 1827 2558; x_wconf 90' lang='lat' dir='ltr'>ad</span> <span class='ocrx_word' id='word_1_176' title='bbox 1882 2500 2209 2558; x_wconf 74' lang='lat' dir='ltr'>exercitum</span> <span class='ocrx_word' id='word_1_177' title='bbox 2261 2502 2373 2558; x_wconf 68' lang='lat' dir='ltr'>Ne-</span> 
     </span>
     <span class='ocr_line' id='line_1_26' title="bbox 392 2583 2381 2662; baseline 0.001 -21"><span class='ocrx_word' id='word_1_178' title='bbox 392 2590 810 2642; x_wconf 89' lang='lat' dir='ltr'>metocennam</span> <span class='ocrx_word' id='word_1_179' title='bbox 884 2584 1064 2643; x_wconf 89' lang='lat' dir='ltr'>rediit</span> <span class='ocrx_word' id='word_1_180' title='bbox 1119 2583 1580 2662; x_wconf 88' lang='lat' dir='ltr'>legionibusque</span> <span class='ocrx_word' id='word_1_181' title='bbox 1649 2604 1724 2643; x_wconf 86' lang='lat' dir='ltr'>ex</span> <span class='ocrx_word' id='word_1_182' title='bbox 1780 2585 2056 2644; x_wconf 91' lang='lat' dir='ltr'>omnibus</span> <span class='ocrx_word' id='word_1_183' title='bbox 2110 2585 2381 2643; x_wconf 62' lang='lat' dir='ltr'>hibet-uie</span> 
     </span>
     <span class='ocr_line' id='line_1_27' title="bbox 393 2668 2377 2748; baseline -0.001 -21"><span class='ocrx_word' id='word_1_184' title='bbox 393 2668 474 2727; x_wconf 90' lang='lat' dir='ltr'>ad</span> <span class='ocrx_word' id='word_1_185' title='bbox 536 2668 691 2728; x_wconf 90' lang='lat' dir='ltr'>fines</span> <span class='ocrx_word' id='word_1_186' title='bbox 748 2670 1133 2730; x_wconf 81' lang='lat' dir='ltr'>Trevirorum</span> <span class='ocrx_word' id='word_1_187' title='bbox 1190 2671 1457 2731; x_wconf 88' lang='lat' dir='ltr'>evocatis</span> <span class='ocrx_word' id='word_1_188' title='bbox 1518 2690 1588 2729; x_wconf 89' lang='lat' dir='ltr'>eo</span> <span class='ocrx_word' id='word_1_189' title='bbox 1643 2669 1958 2748; x_wconf 85' lang='lat' dir='ltr'>profectus</span> <span class='ocrx_word' id='word_1_190' title='bbox 2027 2677 2122 2730; x_wconf 91' lang='lat' dir='ltr'>est</span> <span class='ocrx_word' id='word_1_191' title='bbox 2177 2674 2377 2746; x_wconf 50' lang='lat' dir='ltr'>ibique.</span> 
     </span>
     <span class='ocr_line' id='line_1_28' title="bbox 392 2755 2377 2834; baseline -0.002 -22"><span class='ocrx_word' id='word_1_192' title='bbox 392 2755 723 2814; x_wconf 88' lang='lat' dir='ltr'>exercitum</span> <span class='ocrx_word' id='word_1_193' title='bbox 765 2756 1070 2816; x_wconf 85' lang='lat' dir='ltr'>lustravit.</span> <span class='ocrx_word' id='word_1_194' title='bbox 1160 2757 1229 2815; x_wconf 82' lang='lat' dir='ltr'>T.</span> <span class='ocrx_word' id='word_1_195' title='bbox 1276 2757 1616 2815; x_wconf 90' lang='lat' dir='ltr'>Labienum</span> <span class='ocrx_word' id='word_1_196' title='bbox 1662 2755 1877 2815; x_wconf 78' lang='lat' dir='ltr'>Galliae</span> <span class='ocrx_word' id='word_1_197' title='bbox 1937 2756 2217 2834; x_wconf 62' lang='lat' dir='ltr'>praefecii.</span> <span class='ocrx_word' id='word_1_198' title='bbox 2265 2758 2377 2814; x_wconf 56' lang='grc' dir='ltr'>ΓΓι-μ</span> 
     </span>
     <span class='ocr_line' id='line_1_29' title="bbox 386 2842 2381 2919; baseline 0.001 -22"><span class='ocrx_word' id='word_1_199' title='bbox 386 2846 567 2916; x_wconf 87' lang='lat' dir='ltr'>gatae,</span> <span class='ocrx_word' id='word_1_200' title='bbox 615 2861 731 2916; x_wconf 95' lang='lat' dir='ltr'>quo</span> <span class='ocrx_word' id='word_1_201' title='bbox 775 2842 1005 2919; x_wconf 85' lang='lat' dir='ltr'>majore</span> <span class='ocrx_word' id='word_1_202' title='bbox 1050 2842 1564 2901; x_wconf 87' lang='lat' dir='ltr'>commendatione</span> <span class='ocrx_word' id='word_1_203' title='bbox 1625 2842 2046 2902; x_wconf 89' lang='lat' dir='ltr'>conciliaretur</span> <span class='ocrx_word' id='word_1_204' title='bbox 2103 2842 2181 2900; x_wconf 62' lang='lat' dir='ltr'>ad,</span> <span class='ocrx_word' id='word_1_205' title='bbox 2245 2866 2381 2898; x_wconf 61' lang='lat' dir='ltr'>mm-</span> 
     </span>
     <span class='ocr_line' id='line_1_30' title="bbox 390 2926 2381 3005; baseline 0.001 -21"><span class='ocrx_word' id='word_1_206' title='bbox 390 2926 625 2984; x_wconf 88' lang='lat' dir='ltr'>sulatus</span> <span class='ocrx_word' id='word_1_207' title='bbox 668 2928 987 3004; x_wconf 90' lang='lat' dir='ltr'>petionem.</span> <span class='ocrx_word' id='word_1_208' title='bbox 1077 2928 1223 3005; x_wconf 91' lang='lat' dir='ltr'>Ipse</span> <span class='ocrx_word' id='word_1_209' title='bbox 1266 2934 1504 2987; x_wconf 89' lang='lat' dir='ltr'>tantum</span> <span class='ocrx_word' id='word_1_210' title='bbox 1544 2928 1829 2986; x_wconf 90' lang='lat' dir='ltr'>itinerum</span> <span class='ocrx_word' id='word_1_211' title='bbox 1870 2927 2153 3002; x_wconf 72' lang='lat' dir='ltr'>faciebat,</span> <span class='ocrx_word' id='word_1_212' title='bbox 2197 2950 2381 3002; x_wconf 70' lang='lat' dir='ltr'>quan-</span> 
     </span>
     <span class='ocr_line' id='line_1_31' title="bbox 319 3006 2369 3092; baseline 0 -23"><span class='ocrx_word' id='word_1_213' title='bbox 319 3006 327 3011; x_wconf 68' lang='grc'><strong><em>’</em></strong></span> <span class='ocrx_word' id='word_1_214' title='bbox 387 3017 517 3070; x_wconf 86' lang='lat' dir='ltr'>tum</span> <span class='ocrx_word' id='word_1_215' title='bbox 561 3012 709 3071; x_wconf 88' lang='lat' dir='ltr'>satis</span> <span class='ocrx_word' id='word_1_216' title='bbox 757 3032 892 3072; x_wconf 89' lang='lat' dir='ltr'>esse</span> <span class='ocrx_word' id='word_1_217' title='bbox 939 3013 1018 3072; x_wconf 90' lang='lat' dir='ltr'>ad</span> <span class='ocrx_word' id='word_1_218' title='bbox 1059 3013 1453 3072; x_wconf 90' lang='lat' dir='ltr'>mutationem</span> <span class='ocrx_word' id='word_1_219' title='bbox 1497 3014 1767 3073; x_wconf 88' lang='lat' dir='ltr'>locorum</span> <span class='ocrx_word' id='word_1_220' title='bbox 1820 3021 2070 3092; x_wconf 89' lang='lat' dir='ltr'>propter</span> <span class='ocrx_word' id='word_1_221' title='bbox 2115 3018 2369 3072; x_wconf 64' lang='lat' dir='ltr'>salubri-</span> 
     </span>
     <span class='ocr_line' id='line_1_32' title="bbox 387 3099 2373 3175; baseline 0 -21"><span class='ocrx_word' id='word_1_222' title='bbox 387 3104 578 3155; x_wconf 89' lang='lat' dir='ltr'>tatem</span> <span class='ocrx_word' id='word_1_223' title='bbox 623 3099 1025 3157; x_wconf 84' lang='lat' dir='ltr'>existimabat.</span> <span class='ocrx_word' id='word_1_224' title='bbox 1112 3099 1213 3158; x_wconf 90' lang='lat' dir='ltr'>Ibi</span> <span class='ocrx_word' id='word_1_225' title='bbox 1257 3119 1600 3175; x_wconf 86' lang='lat' dir='ltr'>quanquam</span> <span class='ocrx_word' id='word_1_226' title='bbox 1637 3101 1848 3158; x_wconf 86' lang='lat' dir='ltr'>crebro</span> <span class='ocrx_word' id='word_1_227' title='bbox 1886 3099 2169 3158; x_wconf 86' lang='lat' dir='ltr'>audiebat</span> <span class='ocrx_word' id='word_1_228' title='bbox 2200 3102 2373 3154; x_wconf 47' lang='lat' dir='ltr'>lailai-</span> 
     </span>
     <span class='ocr_line' id='line_1_33' title="bbox 389 3183 2373 3259; baseline 0.001 -19"><span class='ocrx_word' id='word_1_229' title='bbox 389 3202 567 3240; x_wconf 91' lang='lat' dir='ltr'>enum</span> <span class='ocrx_word' id='word_1_230' title='bbox 624 3185 698 3241; x_wconf 86' lang='lat' dir='ltr'>ab</span> <span class='ocrx_word' id='word_1_231' title='bbox 767 3184 1024 3242; x_wconf 89' lang='lat' dir='ltr'>inimicis</span> <span class='ocrx_word' id='word_1_232' title='bbox 1094 3185 1219 3243; x_wconf 91' lang='lat' dir='ltr'>suis</span> <span class='ocrx_word' id='word_1_233' title='bbox 1286 3184 1600 3244; x_wconf 87' lang='lat' dir='ltr'>sollicitari</span> <span class='ocrx_word' id='word_1_234' title='bbox 1666 3185 2004 3259; x_wconf 86' lang='lat' dir='ltr'>certiorque</span> <span class='ocrx_word' id='word_1_235' title='bbox 2070 3183 2253 3242; x_wconf 63' lang='lat' dir='ltr'>fiflhnl&#39;</span> <span class='ocrx_word' id='word_1_236' title='bbox 2313 3186 2373 3242; x_wconf 75' lang='lat' dir='ltr'>i÷l</span> 
     </span>
     <span class='ocr_line' id='line_1_34' title="bbox 388 3268 2373 3348; baseline 0 -22"><span class='ocrx_word' id='word_1_237' title='bbox 388 3268 487 3344; x_wconf 86' lang='lat' dir='ltr'>agi</span> <span class='ocrx_word' id='word_1_238' title='bbox 529 3289 858 3345; x_wconf 88' lang='lat' dir='ltr'>paucorum</span> <span class='ocrx_word' id='word_1_239' title='bbox 902 3271 1187 3345; x_wconf 91' lang='lat' dir='ltr'>consiliis,</span> <span class='ocrx_word' id='word_1_240' title='bbox 1212 3277 1281 3328; x_wconf 93' lang='lat' dir='ltr'>ut</span> <span class='ocrx_word' id='word_1_241' title='bbox 1322 3270 1682 3348; x_wconf 87' lang='lat' dir='ltr'>interposita</span> <span class='ocrx_word' id='word_1_242' title='bbox 1727 3277 1972 3329; x_wconf 89' lang='lat' dir='ltr'>senatus</span> <span class='ocrx_word' id='word_1_243' title='bbox 2017 3274 2373 3329; x_wconf 62' lang='lat' dir='ltr'>auctus-imre</span> 
     </span>
     <span class='ocr_line' id='line_1_35' title="bbox 388 3354 2373 3433; baseline 0.002 -22"><span class='ocrx_word' id='word_1_244' title='bbox 388 3354 590 3428; x_wconf 84' lang='lat' dir='ltr'>aliqua</span> <span class='ocrx_word' id='word_1_245' title='bbox 632 3362 806 3432; x_wconf 86' lang='lat' dir='ltr'>parte</span> <span class='ocrx_word' id='word_1_246' title='bbox 852 3357 1151 3415; x_wconf 83' lang='lat' dir='ltr'>exercitus</span> <span class='ocrx_word' id='word_1_247' title='bbox 1212 3356 1595 3433; x_wconf 86' lang='lat' dir='ltr'>spoliaretur,</span> <span class='ocrx_word' id='word_1_248' title='bbox 1642 3363 1847 3415; x_wconf 90' lang='lat' dir='ltr'>tamen</span> <span class='ocrx_word' id='word_1_249' title='bbox 1889 3375 2087 3431; x_wconf 91' lang='lat' dir='ltr'>neque</span> <span class='ocrx_word' id='word_1_250' title='bbox 2133 3356 2205 3414; x_wconf 58' lang='lat' dir='ltr'>das</span> <span class='ocrx_word' id='word_1_251' title='bbox 2257 3358 2373 3414; x_wconf 67' lang='lat' dir='ltr'>Ln-</span> 
     </span>
     <span class='ocr_line' id='line_1_36' title="bbox 385 3440 2373 3518; baseline 0 -21"><span class='ocrx_word' id='word_1_252' title='bbox 385 3440 563 3498; x_wconf 91' lang='lat' dir='ltr'>bieno</span> <span class='ocrx_word' id='word_1_253' title='bbox 611 3440 867 3500; x_wconf 90' lang='lat' dir='ltr'>credidit</span> <span class='ocrx_word' id='word_1_254' title='bbox 911 3442 1233 3518; x_wconf 88' lang='lat' dir='ltr'>quicquam</span> <span class='ocrx_word' id='word_1_255' title='bbox 1273 3461 1492 3517; x_wconf 90' lang='lat' dir='ltr'>neque,</span> <span class='ocrx_word' id='word_1_256' title='bbox 1551 3448 1761 3501; x_wconf 86' lang='lat' dir='ltr'>contra</span> <span class='ocrx_word' id='word_1_257' title='bbox 1817 3448 2067 3501; x_wconf 90' lang='lat' dir='ltr'>senatus</span> <span class='ocrx_word' id='word_1_258' title='bbox 2113 3442 2373 3500; x_wconf 60' lang='grc'><strong>31131311-</strong></span> 
     </span>
     <span class='ocr_line' id='line_1_37' title="bbox 384 3526 2365 3605; baseline -0.001 -22"><span class='ocrx_word' id='word_1_259' title='bbox 384 3531 574 3583; x_wconf 90' lang='lat' dir='ltr'>tatem</span> <span class='ocrx_word' id='word_1_260' title='bbox 615 3532 685 3583; x_wconf 91' lang='lat' dir='ltr'>ut</span> <span class='ocrx_word' id='word_1_261' title='bbox 729 3526 955 3602; x_wconf 89' lang='lat' dir='ltr'>aliquid</span> <span class='ocrx_word' id='word_1_262' title='bbox 997 3527 1246 3603; x_wconf 80' lang='lat' dir='ltr'>faceret,</span> <span class='ocrx_word' id='word_1_263' title='bbox 1292 3527 1491 3605; x_wconf 90' lang='lat' dir='ltr'>potuit</span> <span class='ocrx_word' id='word_1_264' title='bbox 1535 3527 1784 3602; x_wconf 88' lang='lat' dir='ltr'>adduci;</span> <span class='ocrx_word' id='word_1_265' title='bbox 1845 3526 2165 3604; x_wconf 82' lang='lat' dir='ltr'>judicabat</span> <span class='ocrx_word' id='word_1_266' title='bbox 2213 3530 2365 3586; x_wconf 53' lang='lat' dir='ltr'>*euim</span> 
     </span>
     <span class='ocr_line' id='line_1_38' title="bbox 384 3610 2373 3691; baseline 0.001 -22"><span class='ocrx_word' id='word_1_267' title='bbox 384 3610 594 3670; x_wconf 85' lang='lat' dir='ltr'>liberis</span> <span class='ocrx_word' id='word_1_268' title='bbox 663 3613 977 3672; x_wconf 88' lang='lat' dir='ltr'>sententiis</span> <span class='ocrx_word' id='word_1_269' title='bbox 1032 3619 1274 3690; x_wconf 86' lang='lat' dir='ltr'>patrum</span> <span class='ocrx_word' id='word_1_270' title='bbox 1342 3612 1822 3691; x_wconf 87' lang='lat' dir='ltr'>conscriptorum</span> <span class='ocrx_word' id='word_1_271' title='bbox 1888 3632 2128 3672; x_wconf 90' lang='lat' dir='ltr'>causam</span> <span class='ocrx_word' id='word_1_272' title='bbox 2201 3634 2373 3670; x_wconf 61' lang='lat' dir='ltr'>amun</span> 
     </span>
     <span class='ocr_line' id='line_1_39' title="bbox 390 3694 2369 3777; baseline -0.001 -23"><span class='ocrx_word' id='word_1_273' title='bbox 390 3694 572 3755; x_wconf 85' lang='lat' dir='ltr'>facile</span> <span class='ocrx_word' id='word_1_274' title='bbox 618 3697 893 3756; x_wconf 90' lang='lat' dir='ltr'>obtineri.</span> <span class='ocrx_word' id='word_1_275' title='bbox 1003 3698 1161 3758; x_wconf 89' lang='lat' dir='ltr'>Nam</span> <span class='ocrx_word' id='word_1_276' title='bbox 1207 3698 1281 3757; x_wconf 76' lang='lat' dir='ltr'>Gr.</span> <span class='ocrx_word' id='word_1_277' title='bbox 1331 3697 1531 3773; x_wconf 89' lang='lat' dir='ltr'>Curi0,</span> <span class='ocrx_word' id='word_1_278' title='bbox 1586 3698 1866 3758; x_wconf 85' lang='lat' dir='ltr'>tribunus</span> <span class='ocrx_word' id='word_1_279' title='bbox 1923 3698 2137 3777; x_wconf 72' lang='lat' dir='ltr'>plebis,</span> <span class='ocrx_word' id='word_1_280' title='bbox 2189 3722 2369 3774; x_wconf 69' lang='lat' dir='ltr'>quum</span> 
     </span>
     <span class='ocr_line' id='line_1_40' title="bbox 387 3780 2369 3862; baseline 0.001 -22"><span class='ocrx_word' id='word_1_281' title='bbox 387 3780 648 3841; x_wconf 86' lang='lat' dir='ltr'>Caesaris</span> <span class='ocrx_word' id='word_1_282' title='bbox 695 3803 939 3842; x_wconf 87' lang='lat' dir='ltr'>causam</span> <span class='ocrx_word' id='word_1_283' title='bbox 972 3783 1444 3861; x_wconf 83' lang='lat' dir='ltr'>dignitatemque</span> <span class='ocrx_word' id='word_1_284' title='bbox 1491 3783 1934 3843; x_wconf 89' lang='lat' dir='ltr'>defendendam</span> <span class='ocrx_word' id='word_1_285' title='bbox 1979 3786 2369 3862; x_wconf 50' lang='lat' dir='ltr'>suscepisset.</span> 
     </span>
     <span class='ocr_line' id='line_1_41' title="bbox 384 3869 2373 3947; baseline 0.001 -22"><span class='ocrx_word' id='word_1_286' title='bbox 384 3887 551 3944; x_wconf 87' lang='lat' dir='ltr'>saepe</span> <span class='ocrx_word' id='word_1_287' title='bbox 617 3876 748 3928; x_wconf 88' lang='lat' dir='ltr'>erat</span> <span class='ocrx_word' id='word_1_288' title='bbox 812 3870 1050 3928; x_wconf 88' lang='lat' dir='ltr'>senatui</span> <span class='ocrx_word' id='word_1_289' title='bbox 1112 3869 1440 3947; x_wconf 86' lang='lat' dir='ltr'>pollicitus,</span> <span class='ocrx_word' id='word_1_290' title='bbox 1509 3869 1562 3928; x_wconf 91' lang='lat' dir='ltr'>si</span> <span class='ocrx_word' id='word_1_291' title='bbox 1629 3890 1807 3945; x_wconf 89' lang='lat' dir='ltr'>quem</span> <span class='ocrx_word' id='word_1_292' title='bbox 1848 3870 2027 3929; x_wconf 87' lang='lat' dir='ltr'>timor</span> <span class='ocrx_word' id='word_1_293' title='bbox 2071 3890 2373 3928; x_wconf 62' lang='lat' dir='ltr'>armni-um</span> 
     </span>
     <span class='ocr_line' id='line_1_42' title="bbox 386 3951 2373 4033; baseline 0.002 -22"><span class='ocrx_word' id='word_1_294' title='bbox 386 3951 647 4012; x_wconf 82' lang='lat' dir='ltr'>Caesaris</span> <span class='ocrx_word' id='word_1_295' title='bbox 690 3954 958 4031; x_wconf 85' lang='lat' dir='ltr'>laederet,</span> <span class='ocrx_word' id='word_1_296' title='bbox 1006 3955 1286 4032; x_wconf 90' lang='lat' dir='ltr'>quoniam</span> <span class='ocrx_word' id='word_1_297' title='bbox 1307 3955 1586 4033; x_wconf 88' lang='lat' dir='ltr'>Pompeji</span> <span class='ocrx_word' id='word_1_298' title='bbox 1621 3955 1946 4014; x_wconf 87' lang='lat' dir='ltr'>dominatio</span> <span class='ocrx_word' id='word_1_299' title='bbox 1992 3961 2170 4031; x_wconf 81' lang='lat' dir='ltr'>atque</span> <span class='ocrx_word' id='word_1_300' title='bbox 2212 3978 2373 4014; x_wconf 67' lang='lat' dir='ltr'>arma</span> 
     </span>
     <span class='ocr_line' id='line_1_43' title="bbox 382 4039 2369 4116; baseline 0.001 -20"><span class='ocrx_word' id='word_1_301' title='bbox 382 4057 504 4097; x_wconf 93' lang='lat' dir='ltr'>non</span> <span class='ocrx_word' id='word_1_302' title='bbox 545 4039 851 4098; x_wconf 86' lang='lat' dir='ltr'>minimum</span> <span class='ocrx_word' id='word_1_303' title='bbox 896 4047 1188 4101; x_wconf 89' lang='lat' dir='ltr'>terrorem</span> <span class='ocrx_word' id='word_1_304' title='bbox 1209 4039 1341 4100; x_wconf 90' lang='lat' dir='ltr'>foro</span> <span class='ocrx_word' id='word_1_305' title='bbox 1364 4040 1677 4116; x_wconf 87' lang='lat' dir='ltr'>inferrent,</span> <span class='ocrx_word' id='word_1_306' title='bbox 1726 4041 1778 4100; x_wconf 89' lang='lat' dir='ltr'>si</span> <span class='ocrx_word' id='word_1_307' title='bbox 1821 4040 2165 4100; x_wconf 73' lang='lat' dir='ltr'>discederet</span> <span class='ocrx_word' id='word_1_308' title='bbox 2217 4050 2369 4098; x_wconf 51' lang='lat' dir='ltr'>uter*</span> 
     </span>
     <span class='ocr_line' id='line_1_44' title="bbox 386 4125 2367 4202; baseline -0.003 -19"><span class='ocrx_word' id='word_1_309' title='bbox 386 4144 501 4199; x_wconf 90' lang='lat' dir='ltr'>que</span> <span class='ocrx_word' id='word_1_310' title='bbox 558 4126 632 4184; x_wconf 91' lang='lat' dir='ltr'>ab</span> <span class='ocrx_word' id='word_1_311' title='bbox 700 4126 881 4186; x_wconf 88' lang='lat' dir='ltr'>armis</span> <span class='ocrx_word' id='word_1_312' title='bbox 950 4127 1371 4202; x_wconf 85' lang='lat' dir='ltr'>exercitusque</span> <span class='ocrx_word' id='word_1_313' title='bbox 1437 4126 1798 4202; x_wconf 85' lang='lat' dir='ltr'>dimitteret,</span> <span class='ocrx_word' id='word_1_314' title='bbox 1864 4125 1996 4186; x_wconf 82' lang='lat' dir='ltr'>fore</span> <span class='ocrx_word' id='word_1_315' title='bbox 2065 4147 2133 4185; x_wconf 87' lang='lat' dir='ltr'>eo</span> <span class='ocrx_word' id='word_1_316' title='bbox 2209 4126 2367 4182; x_wconf 57' lang='lat' dir='ltr'>sautu</span> 
     </span>
    </p>
   </div>
  </div>
 </body>
</html>
