2967 4609
273 382 315 437 24
583 372 635 425 Du
654 370 781 425 BELLO
800 369 979 426 GALLICO.

274 566 334 637 Qui
366 566 426 625 nisi
458 566 586 625 decedat
619 574 710 642 atque
744 567 910 625 exercitum
943 566 1074 625 deducat
1108 587 1145 625 ex
1178 568 1226 625 his
1254 589 1301 627 re·
1352 556 1355 561 ’

273 652 424 729 gionibus,
470 672 538 711 sese
582 652 666 711 illum
698 672 760 711 non
792 673 848 731 pro
883 653 989 726 amico,
1035 652 1091 716 sed
1123 674 1178 730 pro
1212 654 1300 713 hoste

273 738 457 797 habiturum.
525 738 614 809 Quod
654 738 680 796 si
721 759 791 795 eum
835 737 1036 813 interfecerit,
1082 740 1187 797 multis
1232 759 1299 798 sese

273 824 425 883 nobilibus
458 824 709 901 principibusque
742 824 848 901 populi
891 825 1022 883 Romani
1065 832 1187 901 gratum
1231 845 1300 883 esse

273 909 440 984 facturum
474 910 507 968 id
537 930 570 969 se
604 911 641 968 ab
675 910 752 987 ipsis
786 930 842 987 per
871 930 975 968 eorum
1008 911 1131 970 nuutios
1166 930 1300 989 comper-

274 1003 339 1054 tum
371 996 494 1071 habere,
540 1016 668 1070 quorum
710 996 844 1053 omnium
887 997 1017 1072 gratiam
1062 1004 1154 1072 atque
1198 997 1300 1055 amici-

274 1081 347 1141 tiam
381 1081 448 1157 ejus
481 1088 577 1139 morte
615 1080 765 1139 redimere
803 1090 917 1158 posset.
965 1082 1054 1153 Quod
1088 1084 1114 1141 si
1142 1082 1316 1167 discessis-¹

275 1174 323 1225 set
361 1174 392 1227 et
429 1168 557 1226 liberam
594 1168 823 1244 possessionem
862 1167 971 1226 Galliae
1012 1167 1072 1227 sibi
1111 1168 1298 1240 tradidisset,

274 1273 383 1329 magno
418 1272 451 1311 se
484 1252 570 1311 illum
607 1253 732 1330 praemio
772 1262 1035 1312 remuneraturum
1069 1262 1117 1328 et,
1159 1274 1301 1329 quaecun-

275 1359 333 1414 que
365 1339 447 1397 bella
478 1339 545 1415 geri
577 1338 679 1414 vellet,
715 1338 780 1398 sine
812 1339 875 1397 ullo
915 1339 982 1415 ejus
1017 1341 1122 1399 labore
1157 1346 1187 1398 et
1220 1340 1300 1417 peri-

275 1425 343 1483 culo
367 1422 584 1483 confecturum.

359 1510 459 1570 XLV.
503 1510 602 1569 Multa
630 1511 667 1569 ab
697 1510 819 1569 Oaesare
847 1510 879 1568 in
912 1531 979 1569 eam
1008 1512 1190 1569 sententiam
1221 1510 1302 1569 dicta

275 1603 355 1671 sunt,
388 1616 481 1673 quare
513 1597 635 1672 negotio
663 1596 813 1655 desistere
840 1617 902 1655 non
930 1604 1050 1673 posset:
1085 1597 1193 1671 Neque
1216 1617 1303 1655 suam

275 1702 373 1757 neque
405 1682 511 1759 populi
543 1682 673 1741 Romani
706 1682 958 1743 consvetudinem
990 1683 1071 1760 pati,
1111 1683 1157 1740 uti
1190 1683 1301 1760 optime

274 1776 426 1827 merentes
471 1768 569 1827 socios
615 1768 785 1843 desereret,
836 1789 936 1844 neque
980 1789 1014 1827 se
1049 1768 1189 1845 judicare
1229 1768 1301 1827 Gal·

275 1854 347 1912 liam
368 1854 471 1931 potius
494 1873 563 1912 esse
584 1853 742 1929 Ariovisti,
772 1875 864 1929 quam
885 1855 991 1933 populi
1023 1853 1163 1914 Romani.
1213 1854 1300 1913 Bello

275 1946 434 2017 superatos
458 1959 526 1998 esse
548 1939 704 1998 Arvernos
728 1948 759 1998 et
780 1941 919 1999 Rutenos
937 1942 975 1999 ab
995 1940 1031 2011 Q.
1050 1940 1146 1998 Fabio
1158 1940 1301 2013 Maximo,

275 2026 386 2101 quibus
429 2026 561 2102 populus
594 2025 752 2085 Romanus
791 2026 970 2102 ignovisset,
1014 2046 1114 2102 neque
1157 2026 1201 2084 in·
1232 2046 1301 2102 pro·

274 2111 407 2171 vinciam
428 2110 607 2187 redegisset,
630 2131 729 2187 neque
753 2112 938 2189 stipendium
959 2112 1166 2190 imposuisset.
1213 2110 1303 2182 Quod

277 2197 303 2255 si
333 2196 577 2271 antiquissimum
620 2196 762 2273 quodque
795 2204 915 2275 tempus
960 2198 1094 2274 spectari
1138 2204 1301 2275 oporteret,
1385 2211 1388 2216 ⁴

275 2283 381 2361 populi
412 2283 543 2341 Romani
583 2282 790 2359 justissimum
835 2304 904 2342 esse
919 2274 957 2341 'in
981 2284 1081 2342 Gallia
1124 2283 1301 2361 imperium;

277 2369 303 2427 si
321 2368 473 2445 judicium
501 2376 625 2427 senatus
655 2369 813 2429 observari
843 2377 1006 2447 oporteret,
1034 2370 1161 2429 liberam
1191 2368 1304 2427 debere

277 2474 345 2513 esse
374 2454 514 2530 Galliam,
550 2475 641 2531 quam
669 2456 750 2515 bello
783 2455 896 2516 victam
930 2450 994 2514 suis
1027 2456 1148 2533 legibus
1176 2455 1221 2512 uti
1250 2474 1303 2515 vo·

276 2541 396 2599 luisset.

361 2626 479 2685 XLVI.
523 2627 607 2684 Dum
639 2627 705 2685 haec
738 2628 770 2685 in
804 2627 953 2703 colloquio
987 2634 1151 2703 geruntur,
1189 2624 1306 2685 Oaesari

275 2711 448 2770 nuntiatum
475 2718 522 2771 est
552 2713 670 2788 equites
698 2712 845 2772 Ariovisti
875 2713 1001 2791 propius
1034 2713 1185 2770 tumulum
1219 2731 1304 2771 acee-

276 2798 348 2856 dere
382 2804 413 2856 et
446 2796 485 2855 ad
517 2805 639 2857 nostros
667 2798 854 2874 adequitare,
888 2798 1005 2875 lapides
1038 2798 1160 2873 telaque
1190 2798 1222 2855 in
1250 2818 1302 2856 no-

277 2890 358 2943 stros
403 2882 562 2960 conjicere.
624 2883 728 2942 Oaesar
766 2883 911 2958 loquendi
948 2883 1039 2942 finem
1079 2883 1169 2958 facit,
1210 2904 1305 2959 seque

277 2968 316 3027 ad
360 2987 433 3027 suos
476 2970 593 3047 recepit
625 2970 751 3045 suisque
782 2970 960 3047 imperavit,
994 2990 1033 3028 ne
1067 2968 1150 3045 quod
1184 2970 1304 3028 omnino

277 3054 370 3113 telum
392 3055 424 3112 in
445 3055 550 3114 hostes
572 3055 743 3133 rejicerent.
788 3055 869 3115 Nam
897 3056 955 3115 etsi
983 3056 1049 3114 sine
1076 3052 1138 3114 ullo
1166 3055 1305 3133 periculo

276 3141 405 3217 legionis
450 3141 576 3200 delectae
621 3161 690 3200 cum
724 3142 863 3216 equitatu
894 3141 1036 3219 proelium
1068 3140 1135 3200 fore
1168 3139 1303 3215 videbat,

276 3234 379 3285 tamen
411 3227 661 3286 committendum
692 3248 754 3286 non
787 3230 930 3307 putabat,
965 3234 1000 3285 ut
1032 3227 1130 3306 pulsis
1164 3228 1305 3286 hostibus

278 3312 338 3371 dici
365 3320 472 3391 posset
505 3333 556 3372 eos
591 3314 628 3372 ab
663 3332 697 3371 se
729 3334 785 3391 per
817 3312 909 3372 fidem
936 3314 968 3371 in
995 3314 1145 3389 colloquio
1177 3314 1305 3371 circum-

277 3406 395 3457 ventos.
439 3399 644 3475 Posteaquam
665 3399 697 3457 in
718 3399 831 3476 vulgus
859 3400 988 3458 militum
1016 3400 1130 3458 elatum
1160 3406 1216 3473 est,
1246 3418 1306 3474 qua

278 3484 451 3561 arrogantia
472 3484 503 3543 in
527 3485 674 3561 colloquio
696 3486 871 3545 Ariovistus
901 3504 976 3543 usus
1005 3486 1085 3543 omni
1115 3485 1215 3543 Gallia
1242 3486 1304 3543 Ro-

277 3570 374 3629 manis
407 3570 616 3631 interdixisset
648 3572 857 3649 impetumque
889 3571 921 3629 in
948 3578 1071 3630 nostros
1094 3570 1161 3647 ejus
1185 3571 1303 3645 equites
1335 3599 1337 3604 ·

277 3654 432 3731 iecissent,
467 3676 562 3732 eaque
595 3676 645 3715 res
685 3657 869 3731 colloquium
907 3664 943 3714 ut
975 3656 1165 3731 diremisset,
1210 3657 1305 3714 multo

278 3741 375 3818 major
414 3742 555 3801 alacritas
594 3742 790 3818 studiumque
822 3743 980 3820 pugnandi
1023 3742 1123 3820 majus
1157 3743 1304 3801 exercitui

277 3828 423 3905 injectum
447 3835 503 3887 est.

362 3913 498 3973 XLVII.
543 3912 644 3971 Biduo
677 3920 749 3990 post
770 3913 945 3973 Ariovistus
975 3914 1014 3973 ad
1043 3913 1196 3973 Gaesarem
1223 3913 1306 3990 lega-

278 4005 326 4057 tos
359 3999 466 4059 mittit:
501 3998 589 4059 Velle
625 4018 658 4057 se
692 3999 730 4058 de
763 3999 801 4058 iis
834 4000 936 4074 rebus,
961 4020 1028 4075 quae
1061 4000 1141 4058 inter
1175 4018 1227 4058 eos
1255 4000 1306 4076 agi

279 4091 387 4163 coeptae
414 4104 514 4160 neque
545 4082 689 4162 perfectae
723 4092 836 4161 essent,
871 4106 962 4162 agere
992 4106 1061 4145 cum
1094 4105 1130 4145 eo
1137 4106 1144 4161 ;
1179 4085 1224 4145 uti
1254 4093 1308 4144 sut
