2967 4609
244 386 285 442 86
544 376 597 429 DE
615 376 744 432 BELLO
763 377 942 432 GALLIOO.

245 591 304 647 que
325 577 445 649 partem
468 589 537 629 esse
559 576 670 629 tutam:
695 571 721 630 si
743 571 819 630 nihil
837 579 920 631 esset
938 572 1054 648 durius,
1078 573 1160 634 nullo
1179 595 1248 634 cum

243 657 379 735 periculo
403 654 443 713 ad
469 655 638 733 proximam
667 656 818 732 legionem
846 665 1063 735 perventuros3
1094 659 1121 718 si
1150 660 1250 720 Gallia

245 742 343 801 omnis
367 761 435 800 cum
459 740 619 800 Germanis
643 743 837 818 consentiret,
867 752 958 801 unam
987 763 1056 802 esse
1083 745 1115 802 in
1144 746 1255 820 celeri„

243 833 308 886 tate
328 827 461 905 positam
484 826 624 885 salutem.
671 826 770 886 Oottae
793 827 915 902 quidem
938 834 1030 904 atque
1054 849 1167 905 eorum,
1199 831 1249 907 qui

244 912 453 986 dissentirent,
477 912 637 970 consilium
660 932 750 987 quem
772 913 899 972 haberet
922 914 1056 973 exitum?
1085 915 1199 991 inquo
1223 917 1249 974 si

243 1018 305 1057 non
337 1016 476 1075 praesens
509 997 688 1074 periculum,
725 1005 757 1057 at
786 1005 868 1058 certe
895 999 1062 1076 longinqua
1090 1000 1248 1061 obsidione

243 1083 344 1143 fames
368 1090 451 1141 esset
473 1082 618 1142 timenda.

328 1168 435 1226 XXX.
469 1167 538 1226 Hac
559 1168 591 1225 in
613 1175 913 1246 utramquepartem
936 1169 1141 1246 disputatione
1163 1172 1249 1232 habi·

243 1262 286 1329 ta,
310 1274 403 1329 quum
425 1274 443 1311 a
466 1251 555 1311 Cotta
576 1253 743 1330 primisque
766 1255 922 1313 ordinibus
952 1255 1063 1314 acriter
1092 1257 1249 1316 resistere·

247 1346 312 1398 tur:
335 1339 469 1413 Vincite,
491 1338 599 1413 inquit,
623 1339 650 1397 si
668 1339 712 1397 ita
731 1340 835 1415 vultis,
859 1340 1000 1415 Sabinus,
1025 1347 1056 1400 et
1072 1341 1104 1399 id
1122 1343 1249 1402 clariore

245 1444 331 1498 voce,
355 1430 390 1481 ut
410 1443 615 1500 magnapars
644 1424 775 1483 militum
798 1425 971 1499 exaudiret;
1001 1445 1100 1502 neque
1122 1428 1148 1486 is
1172 1448 1248 1502 sum,

245 1509 354 1585 inquit,
379 1509 431 1584 qui
454 1509 634 1586 gravissime
658 1530 695 1568 ex
718 1511 806 1570 vobis
828 1511 935 1570 mortis
957 1511 1093 1588 periculo
1116 1520 1247 1588 terrear;

244 1595 276 1653 hi
299 1595 325 1652 si
348 1594 476 1671 sapient,
501 1595 527 1654 si
549 1596 674 1671 gravius
697 1596 771 1672 quid
790 1595 944 1671 acciderit,
968 1597 1023 1655 abs
1046 1604 1078 1656 te
1101 1599 1249 1658 rationem

244 1687 422 1757 reposcent;
458 1679 519 1755 qui,
555 1681 581 1739 si
615 1701 670 1758 per
702 1689 734 1739 te
768 1681 868 1756 liceat,
902 1682 1068 1759 perendino
1103 1683 1152 1742 die
1181 1705 1249 1743 cum

244 1765 392 1844 proximis
425 1765 561 1824 hibernis
600 1766 755 1843 conjuncti
790 1787 977 1826 communem
1017 1787 1086 1827 cum
1124 1771 1249 1845 reliquis

246 1851 319 1911 belli
342 1870 447 1910 casum
469 1851 650 1927 sustineant,
673 1872 735 1911 non
757 1851 865 1928 rejecti
888 1860 918 1911 et
939 1852 1068 1930 relegati
1096 1855 1187 1932 longe
1210 1857 1248 1916 ab

245 1936 355 1996 ceteris
378 1943 432 1995 aut
453 1935 534 1996 ferro
558 1943 612 1995 aut
633 1936 714 1997 fame
736 1937 897 1997 intereant.

330 2021 455 2080 XXXI.
508 2021 708 2099 Consurgitur
737 2043 774 2082 ex
811 2023 951 2097 consilia
990 2024 1249 2102 comprehendunt

245 2115 407 2182 utrumque
441 2114 472 2165 et
504 2116 601 2182 orant,
635 2128 674 2166 ne
707 2128 764 2167 sua
791 2109 982 2168 dissensione
1018 2116 1049 2168 et
1082 2111 1250 2188 pertinacia

244 2213 309 2251 rem
330 2192 362 2250 in
384 2190 534 2251 summum
556 2193 725 2271 periculum
748 2194 915 2254 deducant:
939 2193 1061 2254 facilem
1084 2215 1152 2255 esse
1174 2217 1248 2272 rem,

246 2297 302 2337 seu
323 2286 475 2351 maneant,
508 2297 562 2336 seu
584 2278 827 2356 proficiscantur,
858 2280 884 2338 si
912 2279 1000 2338 modo
1029 2301 1123 2339 unum
1145 2301 1249 2342 omnes

245 2365 379 2423 sentiant
412 2383 448 2422 ac
480 2365 626 2441 probent;
648 2372 769 2444 contra
795 2366 826 2422 in
856 2365 1046 2425 dissensione
1080 2367 1193 2426 nullam
1215 2388 1249 2430 se

244 2449 373 2509 salutem
400 2450 584 2527 perspicere.
636 2451 700 2509 Res
723 2450 928 2529 disputatione
957 2450 996 2509 ad
1022 2451 1152 2510 mediam
1179 2473 1250 2512 noc-

243 2542 306 2593 tem
327 2534 520 2613 perducitur;
544 2535 669 2595 tandem
693 2535 746 2594 dat
760 2535 850 2595 Cotta
871 2543 1029 2614 permotus
1051 2557 1174 2612 manus;
1200 2558 1251 2596 su·

243 2627 332 2698 perat
360 2621 511 2679 sententia
534 2620 655 2694 Sabini;
685 2621 899 2698 pronuntiatur
926 2622 1025 2699 prima
1048 2623 1116 2681 luce
1142 2623 1248 2684 ituros.

245 2705 441 2780 Consumitur
467 2705 580 2782 vigiliis
603 2707 722 2781 reliqua
743 2727 816 2784 pars
838 2707 947 2782 noctis,
972 2727 1066 2782 quum
1089 2727 1144 2766 sua
1167 2709 1249 2783 quis·

245 2809 304 2865 qne
336 2790 424 2848 miles
455 2791 717 2868 circumspiceret,
748 2792 821 2866 quid
850 2811 955 2850 secum
982 2799 1105 2870 portare
1133 2803 1248 2870 posset,

245 2875 319 2950 quid
349 2894 386 2933 ex
412 2875 615 2935 instrumento
645 2875 841 2936 hibernorum
868 2877 1041 2952 relinquere
1078 2886 1247 2956 cogeretur.

245 2958 355 3019 Omnia
378 2960 598 3036 excogitantur,
623 2981 717 3037 qnare
739 2983 796 3021 nec
820 2963 885 3021 sine
913 2963 1049 3040 pericqu
1080 2971 1247 3041 maneatur,

245 3053 275 3104 et
313 3045 460 3122 languore
498 3046 628 3105 militum
670 3054 701 3106 et
734 3047 848 3124 vigiliis
881 3049 1051 3125 periculum
1091 3056 1247 3126 augeatur.

242 3131 346 3190 Prima
366 3131 435 3190 luce
458 3131 502 3190 sic
525 3152 562 3190 ex
586 3133 696 3192 castris
714 3131 959 3211 proficiscuntur,
982 3141 1016 3192 ut
1035 3135 1146 3210 quibus
1166 3142 1248 3194 esset

243 3236 435 3294 persuasum,
469 3237 529 3275 non
558 3219 595 3276 ab
625 3219 728 3293 hoste,
759 3218 815 3277 sed
849 3219 887 3277 ab
915 3219 1036 3278 homine
1065 3216 1246 3280 amicissimo

245 3300 451 3378 [Ambiorige]¹
474 3303 633 3362 consilium
660 3303 780 3378 datum,
811 3303 987 3380 longissimo
1011 3305 1130 3382 agmine
1153 3306 1247 3364 maxi-

244 3387 364 3463 misque
384 3387 620 3464 impedimentis.

308 3471 471 3530 XXXII.
505 3473 549 3532 At
570 3475 676 3532 hostes
691 3479 892 3552 posteaquam
910 3495 947 3533 ex
965 3482 1113 3534 nocturno
1125 3473 1247 3534 fremitu

243 3556 416 3633 vigiliisque
439 3557 477 3616 de
498 3557 689 3636 profectione
711 3579 817 3618 eorum
834 3566 1005 3635 senserunt,
1026 3560 1183 3619 collocatis
1201 3561 1246 3618 in·

243 3642 330 3701 sidiis
357 3643 501 3720 bipertito
530 3644 562 3702 in
590 3643 677 3704 silvis
708 3652 879 3723 opportuno
910 3651 1002 3721 atque
1031 3646 1150 3705 occulto
1180 3646 1246 3705 loco

247 3728 411 3787 amitibus
440 3748 589 3806 passuum
618 3730 739 3788 circiter
762 3729 881 3789 duobus
903 3731 1112 3790 Romanorum
1134 3732 1247 3790 adven·

242 3821 308 3871 tum
342 3814 560 3891 expectabant3
596 3821 628 3872 et
661 3834 755 3889 quum
788 3834 822 3874 se
849 3815 947 3892 major
969 3836 1041 3894 pars
1065 3817 1193 3893 agminis
1215 3817 1247 3874 in

241 3919 383 3975 magnam
417 3899 587 3959 convallem
615 3898 803 3975 demisisset,
834 3921 872 3960 ex
901 3909 1031 3977 utraque
1060 3908 1148 3979 parte
1177 3901 1245 3978 ejus

241 3983 331 4042 vallis
354 3983 455 4043 subito
478 4003 512 4043 se
542 3983 756 4061 ostendenmt,
785 3987 1030 4062 novissimosque
1052 4007 1191 4064 premere
1214 3993 1244 4047 et
