2967 4609
552 328 674 387 178
1178 290 1283 374 DE
1318 317 1572 374 BELLO
1611 317 1966 380 GALLico

549 535 774 591 cosque
815 522 1057 575 nostros
1106 521 1467 576 convertunt
1509 521 1692 590 atque
1735 514 2154 589 insequuntur.
2239 512 2546 573 Commius

547 602 862 661 incensum
950 603 1289 661 calcaribus
1357 620 1580 676 equum
1645 599 1958 676 conjungit
2024 619 2178 675 equo
2249 599 2546 671 Quadrati

546 687 877 762 lanceaque
921 686 1149 748 infesta
1190 688 1428 765 magnis
1474 686 1708 747 viribus
1752 685 2016 744 medium
2059 685 2258 744 femur
2313 685 2549 761 trajicit

554 773 857 832 voluseni.
944 773 1246 834 Praefecto
1292 773 1607 834 vulnerato
1663 792 1786 830 non
1823 771 2103 830 dubitant
2155 772 2350 847 nostri
2392 771 2547 829 resi-

550 870 710 918 stere
755 867 817 917 et
839 861 1149 920 conversis
1174 859 1347 936 equis
1378 859 1618 918 hostem
1648 858 1895 934 pellere.
1945 857 2123 928 Quod
2156 858 2262 916 ubi
2299 856 2543 931 accidit,

550 944 889 1022 snsssmplures
931 945 1195 1004 hostium
1236 965 1455 1022 magno
1477 950 1822 1002 nostrorum
1842 941 2072 1021 impetu
2103 943 2370 1020 perculsi
2410 942 2547 1002 vul-

554 1038 841 1088 nerantur
886 1051 957 1089 ac
1000 1033 1221 1108 partim
1264 1032 1327 1090 in
1373 1030 1524 1106 fuga
1565 1036 1985 1106 proteruntur,
2032 1029 2254 1106 partim
2295 1027 2542 1087 interci-

553 1118 812 1194 piuntur.
884 1116 1062 1188 Quod
1094 1118 1321 1176 malum
1360 1117 1483 1174 dux
1519 1115 1658 1189 equi
1680 1115 2004 1175 velocitate
2030 1114 2298 1175 evitavit.
2371 1111 2544 1186 [Fac-

550 1214 586 1258 11:
598 1226 606 1258 ςι
654 1202 865 1281 proelio
912 1201 1197 1276 secundo]
1253 1203 1523 1280 graviter
1583 1201 1732 1259 adeo
1792 1201 2147 1261 vulneratus
2190 1199 2545 1277 praefectUS,

550 1302 618 1346 ut
658 1288 801 1347 Vitae
845 1288 1180 1365 periculum
1216 1287 1494 1346 aditurus
1537 1287 1866 1367 videretur,
1912 1285 2176 1346 refertur
2218 1286 2283 1344 in
2317 1291 2544 1344 castra.

550 1374 855 1432 Commius
922 1380 1124 1433 autem
1188 1374 1318 1434 sive
1384 1374 1626 1451 expiato
1693 1392 1804 1431 suo
1861 1372 2066 1431 dolore
2123 1373 2255 1432 sive
2322 1390 2549 1448 magna

548 1474 719 1534 ]·>.·.1-1·te
764 1459 990 1518 amissa
1033 1479 1279 1518 suorum
1320 1460 1555 1537 legatos
1609 1459 1686 1517 ad
1729 1458 2060 1516 Antonium
2115 1457 2303 1516 mittit
2359 1475 2550 1532 seque

550 1562 606 1602 ut·
650 1544 734 1602 ibi
777 1544 1066 1620 futurum,
1112 1547 1218 1604 ubi
1262 1545 1728 1623 praescripserit,
1791 1551 1852 1603 et
1914 1563 1986 1602 ea
2029 1542 2365 1620 facturum,
2413 1561 2549 1618 quae

546 1631 870 1706 imperarit,
886 1631 1202 1690 obsidibus
1228 1632 1390 1690 datis
1410 1630 1631 1689 firmat.
1670 1629 1877 1689 Unum
1898 1628 2048 1687 illud
2073 1635 2224 1705 orat,
2250 1636 2319 1688 ut
2344 1627 2549 1688 timori

550 1738 658 1774 :zue
704 1716 1092 1794 concedatur,
1138 1737 1217 1776 ne
1259 1718 1323 1776 in
1368 1724 1761 1794 conspectum
1804 1715 2011 1776 veniat
2035 1714 2396 1792 cujusquam
2424 1715 2550 1778 Ro-

550 1801 726 1860 mani.
818 1801 1007 1879 Cujus
1051 1803 1523 1880 postulationem
1554 1801 1858 1860 Antonius
1898 1821 2084 1876 quum
2109 1801 2420 1877 judicaret
2470 1801 2549 1858 ab

546 1894 712 1966 justo
757 1889 929 1947 nasci
971 1889 1207 1965 timore,
1253 1889 1493 1950 veniam
1525 1887 1757 1965 petenti
1781 1885 1967 1963 dedit,
2005 1887 2250 1946 obsides
2287 1886 2544 1963 accepit.

718 1973 854 2033 Scio
903 1973 1207 2034 Caesarem
1273 1975 1648 2052 singulorum
1713 1992 2007 2030 annorum
2066 1973 2338 2050 singulos
2385 1993 2547 2032 com-

550 2059 871 2118 mentarios
918 2059 1274 2136 confecisse,
1322 2060 1483 2136 quod
1529 2079 1642 2135 ego
1687 2078 1810 2116 non
1844 2057 2186 2119 existimavi
2219 2059 2368 2117 mihi
2406 2076 2545 2117 esse

554 2144 911 2220 faciendum,
977 2152 1302 2225 propterea
1366 2145 1528 2220 quod
1571 2145 1899 2218 insequens
1946 2163 2140 2203 annus
2186 2145 2257 2202 L.
2305 2144 2542 2219 Paullo,

554 2236 626 2290 ῌ.
674 2230 961 2290 Marcello
1017 2250 1173 2290 coss
1240 2231 1441 2290 nullas
1499 2230 1685 2289 habet
1748 2249 2114 2307 magnopere
2161 2229 2379 2289 Galliae
2441 2248 2547 2288 res

550 2326 775 2394 gestas,
843 2317 939 2377 Ne
984 2317 1119 2393 quis
1164 2325 1371 2376 tamen
1409 2317 1736 2393 ignoraret,
1784 2315 2003 2391 quibus
2047 2315 2115 2373 in
2155 2316 2306 2375 locis
2335 2315 2546 2374 Caesar

554 2403 974 2478 exercitusque
1035 2423 1105 2462 eo
1161 2410 1434 2481 tempore
1489 2401 1727 2476 fuisset,
1795 2421 1992 2478 pauca
2036 2421 2173 2461 esse
2219 2401 2546 2461 scribenda

554 2489 1095 2566 =·=‚·=njungendaque
1137 2490 1278 2550 huic
1324 2489 1752 2548 commentario
1799 2487 2003 2545 statui.

718 2575 957 2634 XLIX.
1029 2574 1236 2634 Caesar
1267 2575 1333 2634 in
1352 2574 1569 2651 Belgio
1607 2593 1790 2649 quum
1809 2572 2120 2647 hiemaret,
2166 2593 2354 2631 unum
2392 2571 2550 2630 illud

554 2660 924 2738 propositum
966 2661 1232 2720 habebat
1278 2661 1587 2720 continere
1627 2660 1691 2718 in
1735 2659 1998 2716 amicitia
2035 2659 2332 2733 civitateS,
2397 2658 2553 2716 milli

554 2766 720 2822 spem
786 2752 890 2804 aut
957 2766 1201 2806 causam
1268 2747 1413 2806 dare
1480 2765 1799 2804 armorum.
1903 2743 2071 2803 Nihil
2126 2745 2284 2803 enim
2339 2745 2544 2802 minus

561 2832 813 2906 relebat,
860 2852 1040 2906 quam
1084 2833 1197 2891 sub
1245 2832 1565 2892 decessum
1611 2850 1785 2889 suum
1816 2830 2245 2888 necessitatem
2282 2829 2398 2888 sibi
2435 2829 2542 2887 ali-

554 2938 733 2990 quam
775 2917 1002 2994 imponi
1044 2918 1188 2976 belli
1243 2917 1514 2994 gerendi,
1572 2937 1650 2975 ne
1695 2936 1880 2991 quum
1939 2916 2270 2974 exercitum
2317 2915 2546 2973 deduc-

558 3014 725 3062 turus
772 3010 955 3079 esset,
1020 3003 1249 3062 bellum
1314 3002 1561 3078 aliquod
1602 3003 2061 3076 relinqueretur,
2131 3001 2292 3076 quod
2352 3000 2548 3058 omnis

558 3089 755 3147 Gallia
797 3089 1057 3148 libenter
1081 3090 1234 3158 *sine
1276 3089 1566 3167 praesenti
1599 3088 1870 3166 periculo
1907 3087 2263 3164 susciperet.
2325 3087 2548 3162 Itaque

562 3173 881 3234 h·:÷no1·ifice
939 3175 1218 3235 civitates
1264 3174 1658 3253 appellandO,
1713 3173 2022 3253 principes
2065 3172 2342 3231 maximis
2387 3191 2547 3249 prae-

562 3262 689 3319 miis
734 3259 1076 3336 afficiendO,
1121 3261 1288 3320 nulla
1332 3281 1519 3320 onera
1563 3257 1760 3333 [nova]
1815 3257 2188 3336 injungendo
2234 3257 2549 3317 defessam

558 3354 646 3402 mt
691 3346 970 3405 adversis
1013 3347 1245 3424 proeliis
1292 3346 1556 3407 Galliam
1600 3343 1951 3404 condicione
1994 3342 2251 3422 parendi
2293 3343 2547 3402 meliore

558 3433 735 3491 facile
778 3433 843 3491 in
884 3453 1036 3510 pace
1081 3433 1393 3492 continuit.

723 3519 796 3576 L.
866 3518 1015 3595 Ipse
1057 3519 1328 3578 hibernis
1372 3517 1639 3596 peractis
1685 3523 1896 3576 contra
1941 3515 2439 3576 consvetudinem
2480 3514 2547 3573 in

558 3603 798 3662 ltaliam
843 3623 1023 3678 quam
1065 3605 1342 3662 maximis
1374 3604 1696 3663 itineribus
1735 3608 1831 3660 est
1862 3600 2194 3679 profectuS,
2239 3608 2311 3659 ut
2352 3601 2546 3659 muni-

562 3690 716 3766 vipia
759 3695 821 3748 et
864 3689 1131 3747 colonias
1176 3689 1531 3767 appellaret,
1579 3689 1800 3764 quibus
1843 3688 1928 3746 M.
1968 3687 2235 3763 Antonii,
2284 3693 2548 3762 quaesto-

562 3781 642 3834 ris
686 3775 800 3849 sui,
858 3774 1387 3835 commendaverat
1442 3774 1769 3834 sacerdotii
1824 3773 2196 3851 petitionem.
2290 3771 2551 3832 Conten-

562 3862 741 3919 debat
787 3861 946 3919 enim
988 3859 1189 3937 gratia
1233 3881 1417 3937 quum
1460 3861 1722 3918 libenter
1764 3879 1874 3936 pro
1932 3859 2171 3917 homine
2229 3859 2347 3918 sibi
2408 3878 2551 3918 con-

554 3945 957 4020 junctissimO,
1006 3965 1185 4020 quem
1227 3947 1407 4023 paulo
1454 3951 1594 4004 ante
1637 3944 2016 4022 praemiserat
2059 3943 2139 4003 ad
2173 3944 2551 4022 petitionem,

566 4046 692 4086 tum
750 4032 970 4089 acriter
1035 4037 1246 4090 contra
1298 4029 1630 4090 factionem
1684 4038 1748 4089 et
1801 4029 2134 4106 potentiam
2196 4049 2549 4107 paucorum,

566 4114 666 4186 qui
684 4114 767 4172 M.
793 4115 1044 4174 Antonii
1085 4117 1332 4194 repulsa
1381 4115 1644 4176 Caesaris
1703 4115 2054 4176 decedentis
2099 4115 2363 4193 gratiam
2409 4135 2552 4175 con-
