2967 4609
222 277 223 282 Ἰ
253 319 293 377 32
571 310 624 361 DE
641 307 769 363 BELLO
788 308 966 363 GALLIOO.

253 505 428 583 sagittarios
474 511 504 562 et
543 503 713 563 funditores
752 504 900 564 Baleares
943 505 1080 564 subsidio
1120 506 1280 584 oppidanis

252 592 359 665 mittit3
384 610 512 666 quorum
546 590 680 650 adventu
714 597 745 649 et
777 590 883 649 Remis
917 611 986 649 cum
1015 611 1070 668 spe
1093 591 1280 652 defensionis

253 677 388 737 studium
426 676 640 753 propugnandi
673 677 818 750 accessit,
861 683 892 735 et
929 676 1069 737 hostibus
1103 678 1209 736 eadem
1242 679 1280 738 de

253 783 346 823 causa
379 782 450 839 spes
484 762 622 839 potiundi
656 761 760 839 oppidi
790 761 941 821 discessit.
992 764 1103 839 Itaque
1124 765 1281 843 paulisper

253 849 334 927 apud
368 848 513 927 oppidum
554 848 663 908 morati
708 866 859 924 agrosque
892 847 1059 908 Remorum
1103 849 1281 927 depopulati

254 934 393 995 omnibus
424 934 500 993 vicis
529 933 742 1008 editasque,
773 953 832 1009 quo
862 934 946 993 adire
978 942 1150 1011 potuerant,
1178 936 1279 995 incen-

255 1022 298 1080 sis
327 1020 366 1079 ad
395 1027 496 1079 castra
533 1018 663 1078 Caesaris
697 1018 838 1078 omnibus
868 1020 964 1097 copiis
998 1021 1218 1080 contenderunt
1250 1030 1281 1081 et

253 1109 290 1166 ab
324 1106 447 1165 milibus
486 1124 633 1184 passuum
664 1105 764 1163 minus
804 1104 923 1165 duobus
963 1114 1065 1165 castra
1096 1117 1278 1184 posuerunt,

253 1212 321 1268 ques
351 1199 466 1265 castra,
501 1198 535 1249 ut
562 1190 646 1249 fumo
675 1197 766 1267 atque
793 1191 915 1267 ignibus
946 1190 1188 1269 significabatur,
1218 1214 1279 1253 am·

252 1278 333 1356 plius
356 1277 478 1335 milibus
500 1294 646 1354 passuum
669 1284 737 1335 octo
760 1276 792 1334 in
814 1277 1006 1337 latitudinem
1027 1279 1182 1355 patebant.

317 1403 319 1413 ,
338 1363 429 1423 VIII.
477 1361 580 1421 Gaesar
601 1363 697 1439 primo
716 1368 748 1421 et
763 1370 888 1440 propter
904 1364 1128 1422 multitudinem
1146 1364 1280 1423 hostium

254 1456 284 1509 et
306 1456 431 1527 propter
464 1448 605 1507 eximiam
638 1448 809 1525 opinionem
841 1448 964 1507 virtutis
996 1450 1104 1527 proelio
1139 1470 1279 1527 superse·

254 1535 326 1593 dere
350 1534 481 1609 statuit,
516 1533 650 1609 quotidie
684 1541 787 1592 tamen
820 1536 1013 1610 equestribus
1046 1536 1172 1613 proeliis,
1208 1537 1280 1612 quid

252 1621 351 1679 hostis
373 1620 486 1680 virtute
508 1627 613 1697 posset
643 1627 674 1679 et
702 1620 776 1697 quid
808 1621 905 1679 nostri
939 1621 1094 1696 auderent,
1128 1622 1279 1700 periclita-

253 1707 351 1765 batur.
407 1706 469 1765 Ubi
490 1713 611 1765 nostros
645 1726 705 1765 non
733 1726 802 1765 esse
834 1705 995 1765 inferiores
1022 1707 1179 1781 intellexit,
1213 1708 1280 1768 loco

253 1813 308 1871 pro
337 1793 445 1851 castris
475 1791 514 1851 ad
537 1793 633 1851 aciem
660 1791 870 1851 instruendam
899 1800 1009 1851 natura
1039 1802 1207 1870 opportuno
1236 1803 1280 1853 at-

254 1898 312 1953 que
345 1878 462 1954 idoneo,
509 1878 591 1953 quod
634 1878 660 1937 is
695 1878 790 1953 collis,
835 1878 888 1936 ubi
922 1885 1023 1937 castra
1055 1879 1154 1955 posita
1183 1888 1278 1955 erant,

253 1964 410 2041 paululum
439 1984 476 2021 ex
497 1964 623 2041 planitie
652 1963 762 2038 editus,
792 1970 911 2022 tantum
939 1964 1087 2023 adversus
1117 1966 1149 2023 in
1177 1966 1279 2025 latitu-

254 2049 356 2107 dinem
384 2050 524 2128 patebat,
560 2056 707 2124 quantum
739 2048 800 2107 loci
832 2050 913 2108 acies
947 2050 1097 2109 instructa
1131 2071 1280 2130 occupare

253 2142 382 2212 poterat,
418 2141 509 2209 atque
543 2154 579 2192 ex
602 2141 731 2210 utraque
764 2142 851 2211 parte
884 2136 990 2194 lateris
1019 2135 1158 2212 dejectus
1186 2138 1279 2196 habe-

253 2223 307 2279 bat
341 2227 372 2279 et
398 2220 429 2278 in
458 2219 589 2303 frontem
616 2220 725 2278 leniter
754 2218 918 2297 fastigatus
946 2222 1093 2299 paulatim
1122 2222 1160 2280 ad
1182 2224 1279 2301 plani-

254 2307 324 2365 tiem
355 2306 491 2381 redibat,
521 2306 558 2364 ab
582 2313 710 2381 utroque
744 2307 840 2365 latere
869 2307 936 2383 ejus
966 2308 1051 2366 collis
1073 2315 1281 2369 transversam

253 2392 369 2451 fossam
402 2392 530 2452 obduxit
563 2392 683 2451 circiter
721 2411 869 2469 passuum
903 2392 956 2451 OD
990 2400 1021 2452 et
1055 2394 1094 2451 ad
1127 2402 1279 2454 extremas

252 2477 353 2537 fossas
388 2478 514 2537 castella
542 2478 698 2537 constituit
729 2479 833 2553 ibique
852 2486 1005 2537 tormenta
1033 2480 1202 2556 collocavit,
1230 2501 1278 2557 ne,

253 2584 345 2640 quum
378 2565 473 2623 aciem
505 2564 711 2639 instruxisset,
744 2564 859 2639 hostes,
890 2565 972 2640 quod
998 2572 1117 2623 tantum
1144 2566 1279 2624 multitu-

253 2650 322 2709 dine
344 2657 496 2728 poterant,
531 2670 549 2707 a
569 2649 717 2708 lateribus
750 2658 921 2727 pugnantes
956 2671 1027 2710 suos
1061 2652 1279 2711 circumvenire

252 2742 388 2814 possent.
443 2736 511 2793 Hoc
550 2734 632 2795 iacto
666 2735 785 2793 duabus
819 2736 999 2812 legionibus,
1034 2756 1110 2811 quas
1143 2738 1279 2815 proxime

253 2821 485 2898 conscripserat,
508 2820 540 2879 in
570 2820 680 2879 castris
707 2821 832 2897 relictis,
861 2828 905 2897 ut,
935 2822 962 2880 si
990 2842 1049 2897 quo
1073 2842 1149 2900 opus
1185 2831 1277 2898 esset,

254 2905 389 2965 subsidio
413 2906 483 2964 duci
504 2913 640 2983 possent,
669 2906 804 2982 reliquas
835 2926 890 2965 sex
918 2907 1053 2984 legiones
1081 2928 1136 2985 pro
1168 2910 1278 2967 castris

252 2993 283 3050 in
306 2992 370 3051 acie
400 2992 567 3051 constituit.
618 2993 735 3052 Hostes
757 2993 831 3051 item
865 3013 937 3051 suas
967 2994 1070 3071 copias
1101 3014 1139 3052 ex
1168 2995 1278 3054 castris

254 3078 380 3137 eductas
404 3078 620 3137 instruxerant.

336 3164 395 3223 IX.
450 3164 545 3223 Palus
580 3171 645 3223 erat
677 3185 738 3223 non
772 3184 884 3242 magna
915 3164 996 3223 inter
1017 3172 1156 3224 nostrum
1186 3172 1277 3241 atque

251 3250 385 3309 hostium
425 3250 599 3309 exercitum.
650 3251 740 3309 Hanc
774 3251 801 3310 si
833 3251 931 3309 nostri
963 3251 1138 3326 transirent,
1172 3251 1277 3310 hostes

253 3336 472 3413 expectabant3
507 3336 605 3395 nostri
638 3344 749 3411 autem,
784 3336 811 3394 si
845 3338 882 3395 ab
916 3335 976 3395 illis
1010 3337 1129 3394 initium
1159 3344 1276 3395 transe-

250 3420 324 3479 undi
345 3420 441 3496 fieret,
470 3429 504 3479 ut
531 3420 692 3499 impeditos
729 3421 978 3500 aggrederentur,
1002 3422 1102 3499 parati
1130 3423 1161 3480 in
1185 3424 1277 3481 armis

252 3513 347 3565 erant.
399 3507 528 3565 Interim
560 3508 667 3585 proelio
702 3508 836 3584 equestri
867 3508 948 3566 inter
981 3508 1057 3565 duas
1091 3508 1172 3567 aoies
1207 3528 1277 3566 oon-

251 3592 443 3651 tendebatur.
487 3592 550 3651 Ubi
582 3594 684 3652 neutri
711 3593 889 3652 transeundi
918 3593 1038 3651 initium
1070 3591 1195 3669 faciunt,
1230 3613 1276 3652 se-

252 3678 396 3738 cundiore
427 3679 560 3754 equitum
592 3678 699 3755 proelio
731 3679 846 3746 nostris
871 3677 974 3737 Gaesar
1008 3698 1080 3737 suos
1112 3680 1145 3738 in
1176 3686 1278 3737 eastra

250 3764 381 3823 reduxit.
426 3764 543 3823 Hostes
575 3765 714 3842 protinus
748 3784 785 3822 ex
819 3784 854 3823 eo
887 3764 953 3823 loco
988 3765 1028 3823 ed
1059 3763 1172 3823 flumen
1194 3765 1276 3824 Axo-

250 3871 321 3908 nam
344 3849 574 3925 contenderunt,
598 3849 679 3925 quod
702 3857 771 3908 esse
793 3857 864 3928 post
885 3858 991 3909 nostra
1021 3857 1123 3908 castra
1152 3850 1275 3909 demon·

239 3943 382 4014 ⁴stratum
409 3942 465 3994 est.
510 3935 560 3993 Ibi
592 3933 681 3995 vadis
713 3935 843 4012 repertis
876 3942 996 4013 partem
1023 3955 1147 3993 suarum
1175 3936 1276 4013 copia-

249 4042 318 4079 rum
339 4021 500 4081 traducere
534 4020 634 4079 conati
668 4028 738 4079 sunt
772 4040 807 4080 eo
842 4021 977 4097 consilio,
1011 4028 1055 4097 ut,
1089 4021 1116 4079 si
1138 4029 1275 4100 possent,
