2967 4609
261 324 302 383 54
563 315 616 370 DE
634 314 762 371 BELLO
781 313 959 371 GALLIOO.

261 512 419 586 munitum,
430 512 537 589 paucis
560 509 679 587 diebus,
703 511 814 585 quibus
837 530 872 571 eo
895 518 1021 571 ventum
1042 519 1117 586 erat,
1146 532 1259 590 expug-

260 604 367 657 natum
406 604 628 675 cognoverant,
668 597 787 674 legatos
821 616 1066 673 quoquoversum
1098 598 1260 672 dimittere,

262 683 436 760 conjurare,
465 684 587 742 obsides
610 684 689 743 inter
717 702 751 743 se
780 682 868 758 dare,
898 683 1002 762 copias
1029 704 1139 762 parare
1162 704 1260 761 coepe-

185 780 189 791 '
261 776 341 829 runt.
375 769 538 827 Mittuntur
563 770 653 829 etiam
676 768 716 827 ad
738 787 791 827 eas
809 768 950 829 civitates
970 769 1074 846 legati,
1098 789 1166 845 quae
1190 777 1261 828 sunt

262 855 410 915 citerioris
433 855 590 933 Hispaniae
612 854 749 914 finitimae
767 854 955 930 Aquitaniae;
978 855 1050 915 inde
1072 856 1184 915 auxilia
1207 855 1260 914 du·

261 961 373 1017 cesque
396 948 600 1000 arcessrmtur.
647 940 783 1012 Quorum
805 940 939 1000 adventu
960 961 1071 1018 magna
1101 962 1170 1000 cum
1191 961 1260 1001 auc·

259 1028 382 1087 toritate
404 1033 435 1086 et
456 1047 568 1105 magna
589 1047 658 1086 cum
680 1026 835 1085 hominum
857 1026 1052 1087 multitudine
1073 1029 1187 1087 bellum
1209 1047 1260 1104 ge-

213 1158 214 1161 .
258 1132 326 1172 rere
350 1119 505 1172 conantur.
550 1114 653 1172 Duces
676 1132 749 1172 vero
772 1112 793 1170 ii
816 1112 999 1190 deliguntur,
1029 1114 1080 1189 qui
1109 1133 1262 1172 unacum

260 1199 296 1271 Q.
321 1198 455 1258 Sertorio
478 1218 583 1257 omnes
607 1218 702 1257 annos
724 1197 848 1258 fuerant
871 1218 1079 1274 summamque
1101 1199 1261 1259 scientiam

257 1286 302 1344 rei
335 1285 475 1343 militaris
508 1284 621 1343 habere
652 1284 915 1343 existimabantur.
967 1285 1009 1343 Hi
1039 1285 1259 1346 consuetudine

258 1371 364 1451 populi
385 1370 516 1429 Romani
547 1370 616 1429 loca
639 1390 757 1448 capere,
792 1377 894 1429 castra
923 1371 1055 1447 munire,
1090 1370 1262 1430 commeati-

258 1458 317 1516 bus
340 1463 461 1514 nostros
484 1456 687 1515 intercludere
716 1455 888 1515 instituunt.
940 1456 1028 1527 Quod
1056 1457 1109 1515 ubi
1132 1456 1261 1516 Crassus

260 1542 483 1617 animadvertit,
507 1561 579 1601 suas
602 1542 705 1621 copias
727 1549 853 1620 propter
875 1543 1071 1619 exiguitatem
1092 1563 1153 1601 non
1171 1541 1262 1601 facile

260 1628 372 1703 diduci,
395 1628 514 1687 hostem
538 1636 568 1687 ot
589 1628 696 1706 vagari
719 1635 751 1687 et
772 1628 838 1689 vias
862 1628 1002 1687 obsidere
1025 1635 1057 1687 et
1079 1629 1189 1687 castris
1213 1648 1285 1687 sa-vv

260 1715 301 1772 tie
322 1713 459 1792 praesidii
480 1714 662 1790 relinquere,
687 1715 724 1773 ob
749 1734 816 1773 eam
839 1733 962 1773 causam
983 1714 1083 1773 minus
1107 1714 1262 1773 commode

259 1799 445 1860 frumentum
467 1807 726 1875 commeatumque
756 1800 815 1859 sibi
837 1800 1026 1878 supportari,
1053 1801 1086 1858 in
1114 1800 1179 1859 dies
1209 1800 1261 1859 ho-

260 1887 351 1945 stium
384 1905 541 1944 numerum
571 1886 691 1963 augeri,
730 1905 792 1945 non
825 1886 1028 1945 cunctandum
1067 1885 1271 1960 existimavit„

260 1972 333 2048 quin
353 1992 457 2049 pugna
480 1971 659 2032 decertaret.
694 1972 763 2030 Hac
785 1992 818 2030 re
843 1971 882 2029 ad
905 1972 1064 2031 consilium
1087 1971 1188 2031 delata
1210 1972 1262 2029 ubi

261 2076 364 2115 omnes
396 2056 477 2115 idem
510 2058 623 2116 sentire
645 2057 810 2133 intellexit,
843 2065 1001 2134 posterum
1035 2057 1115 2116 diem
1150 2077 1262 2135 pugnae

261 2142 430 2201 constituit.

344 2227 466 2287 XXIV.
511 2228 614 2286 Prima
635 2228 704 2287 luce
726 2227 884 2305 productis
907 2228 1047 2287 omnibus
1071 2229 1176 2307 copiis,
1207 2229 1269 2287 du·-

259 2314 332 2393 plici
355 2314 419 2373 acie
440 2313 590 2387 instituta,
614 2314 733 2373 auxiliis
763 2315 795 2372 in
816 2314 947 2373 mediam
975 2315 1071 2373 aciem
1100 2315 1257 2392 conjectis,

260 2399 334 2477 quid
354 2400 460 2459 hostes
484 2400 601 2459 consilii
624 2406 777 2478 caperent,
801 2402 992 2477 expectabat.
1025 2400 1078 2459 Illi
1098 2402 1156 2461 etsi
1171 2421 1262 2478 prop-

258 2493 306 2545 ter
327 2484 550 2545 multitudinem
574 2493 604 2545 et
626 2494 762 2546 veterem
783 2486 856 2545 belli
873 2487 1001 2563 gloriam
1018 2488 1262 2564 paucitatemque

258 2570 432 2631 nostrorum
455 2591 489 2631 se
510 2578 576 2630 tuto
600 2572 797 2631 dimicaturos
825 2573 1055 2648 existimabant,
1085 2580 1188 2632 tamen
1215 2580 1262 2631 tu-

258 2658 319 2717 tius
349 2676 417 2716 esse
447 2658 673 2717 arbitrabantur
701 2658 836 2717 obsessis
864 2658 937 2732 viis,
973 2665 1144 2717 commeatu
1170 2659 1262 2723 inter·

259 2744 344 2803 cluso
368 2744 434 2802 sine
454 2742 516 2801 ullo
551 2744 677 2803 vulnere
704 2744 834 2803 victoria
855 2744 947 2820 potiri
954 2763 961 2817 ;
997 2750 1043 2819 et,
1079 2745 1106 2803 si
1138 2752 1263 2821 propter

257 2829 391 2906 inopiam
423 2829 468 2888 rei
501 2827 708 2893 frumentariae
736 2828 868 2888 Romani
891 2848 960 2887 sese
987 2829 1123 2906 recipere
1154 2830 1263 2907 coepis-

242 2921 337 2989 sent,
371 2914 533 2991 impeditos
566 2916 598 2973 in
632 2915 751 2991 agmine
788 2922 820 2973 et
852 2916 909 2973 sub
943 2915 1072 2973 sarcinis
1099 2914 1263 2974 infirmiore

259 3001 357 3059 animo
381 3000 493 3059 adoriri
516 2992 701 3077 cogitabant.
746 3000 815 3059 Hoc
839 2999 964 3059 consilio
986 3002 1116 3078 probato
1145 3003 1183 3060 ab
1207 3001 1262 3060 du-

259 3086 355 3161 cibus,
384 3086 544 3164 productis
571 3086 778 3145 Romanorum
812 3086 909 3164 copiis
938 3105 1007 3145 sese
1035 3087 1146 3146 castris
1180 3094 1262 3146 tene·

244 3173 340 3251 Ibant.
386 3172 454 3231 Hac
476 3192 509 3231 re
530 3179 694 3250 perspecta
707 3170 849 3247 CrassuS,
872 3192 965 3247 quum
988 3191 1044 3232 sua
1067 3174 1261 3234 cunctatione

259 3266 353 3334 atque,
381 3258 521 3336 opinione
543 3258 660 3317 timoris
683 3258 789 3317 hostes
811 3267 934 3317 nostros
955 3258 1067 3318 milites
1099 3260 1262 3319 alacriores

259 3344 299 3403 ad
330 3344 530 3421 pugnandum
563 3342 738 3403 effecissent
778 3353 869 3421 atque
903 3345 1035 3409 omnium
1057 3365 1151 3405 voces
1174 3345 1257 3404 audi-

258 3437 364 3488 rentur
386 3429 541 3507 expectari
564 3430 676 3489 diutius
704 3450 765 3489 non
795 3438 949 3508 oportere,
985 3432 1058 3505 quin
1092 3431 1132 3489 ad
1161 3438 1263 3490 castra

257 3515 361 3590 iretur,
385 3517 558 3574 cohortatus
582 3534 654 3575 suos
677 3517 815 3575 omnibus
845 3516 1036 3594 cupientibus
1065 3516 1104 3575 ad
1131 3518 1263 3575 hostium

260 3607 362 3659 castra
385 3601 550 3660 contendit.

345 3686 448 3746 XXV.
482 3688 532 3746 lbi
555 3707 647 3763 quum
670 3688 720 3746 alii
742 3687 845 3746 fossas
864 3687 1061 3765 complerent,
1085 3687 1136 3746 alii
1159 3688 1264 3746 multis

259 3772 330 3831 telis
361 3772 507 3850 conjectis
536 3772 713 3832 defensores
746 3774 827 3833 vallo
855 3773 1131 3847 munitionibusque
1162 3773 1263 3851 depel-

259 3858 366 3933 lerent,
395 3859 632 3934 auxiliaresque,
663 3859 774 3934 quibus
803 3859 842 3917 ad
874 3880 1009 3937 pugnam
1040 3878 1102 3917 non
1135 3859 1263 3917 multum

260 3942 392 4003 Crassus
421 3944 608 4019 confidebat,
643 3944 798 4021 lapidibus
828 3945 959 4020 telisque
989 3944 1264 4003 sumministrandis

259 4035 291 4087 et
313 4029 353 4089 ad
375 4050 518 4107 aggerem
546 4030 713 4108 cespitibus
743 4030 970 4109 comportandis
1005 4030 1140 4109 speciem
1170 4038 1263 4107 atque
