<?xml version="1.0" encoding="UTF-8"?>
<!DOCTYPE html PUBLIC "-//W3C//DTD XHTML 1.0 Transitional//EN"
    "http://www.w3.org/TR/xhtml1/DTD/xhtml1-transitional.dtd">
<html xmlns="http://www.w3.org/1999/xhtml" xml:lang="en" lang="en">
 <head>
  <title>
</title>
<meta http-equiv="Content-Type" content="text/html;charset=utf-8" />
  <meta name='ocr-system' content='tesseract 3.04.00' />
  <meta name='ocr-capabilities' content='ocr_page ocr_carea ocr_par ocr_line ocrx_word'/>
</head>
<body>
  <div class='ocr_page' id='page_1' title='image "./gajijuliicaesar00whitgoog_0123.png"; bbox 0 0 2967 4609; ppageno 0'>
   <div class='ocr_carea' id='block_1_1' title="bbox 1203 327 2445 396">
    <p class='ocr_par' dir='ltr' id='par_1_1' title="bbox 1203 327 2445 396">
     <span class='ocr_line' id='line_1_1' title="bbox 1203 327 2445 396; baseline 0 -16"><span class='ocrx_word' id='word_1_1' title='bbox 1203 327 1443 381; x_wconf 81' lang='lat' dir='ltr'>LIBER</span> <span class='ocrx_word' id='word_1_2' title='bbox 1479 327 1578 382; x_wconf 84' lang='lat' dir='ltr'>VI.</span> <span class='ocrx_word' id='word_1_3' title='bbox 2328 339 2358 395; x_wconf 85' lang='lat'>1</span> <span class='ocrx_word' id='word_1_4' title='bbox 2372 340 2402 396; x_wconf 82' lang='lat'>1</span> <span class='ocrx_word' id='word_1_5' title='bbox 2414 339 2445 396; x_wconf 83' lang='lat'>1</span> 
     </span>
    </p>
   </div>
   <div class='ocr_carea' id='block_1_2' title="bbox 440 521 2521 4110">
    <p class='ocr_par' dir='ltr' id='par_1_2' title="bbox 440 521 2521 1289">
     <span class='ocr_line' id='line_1_2' title="bbox 440 521 2448 603; baseline 0 -19"><span class='ocrx_word' id='word_1_6' title='bbox 440 523 607 585; x_wconf 80' lang='lat' dir='ltr'>fecit.</span> <span class='ocrx_word' id='word_1_7' title='bbox 740 522 916 600; x_wconf 90' lang='lat' dir='ltr'>Ipse,</span> <span class='ocrx_word' id='word_1_8' title='bbox 980 541 1161 596; x_wconf 88' lang='lat' dir='ltr'>quum</span> <span class='ocrx_word' id='word_1_9' title='bbox 1241 528 1655 580; x_wconf 80' lang='lat' dir='ltr'>maturescere</span> <span class='ocrx_word' id='word_1_10' title='bbox 1719 521 2028 582; x_wconf 86' lang='lat' dir='ltr'>frumenta</span> <span class='ocrx_word' id='word_1_11' title='bbox 2091 525 2448 603; x_wconf 74' lang='lat' dir='ltr'>inciperent,</span> 
     </span>
     <span class='ocr_line' id='line_1_3' title="bbox 444 605 2448 686; baseline 0 -18"><span class='ocrx_word' id='word_1_12' title='bbox 444 609 521 669; x_wconf 87' lang='lat' dir='ltr'>ad</span> <span class='ocrx_word' id='word_1_13' title='bbox 563 608 790 668; x_wconf 89' lang='lat' dir='ltr'>bellum</span> <span class='ocrx_word' id='word_1_14' title='bbox 832 606 1206 684; x_wconf 83' lang='lat' dir='ltr'>Ambiorigis</span> <span class='ocrx_word' id='word_1_15' title='bbox 1250 605 1568 686; x_wconf 86' lang='lat' dir='ltr'>profectus</span> <span class='ocrx_word' id='word_1_16' title='bbox 1611 627 1724 685; x_wconf 89' lang='lat' dir='ltr'>per</span> <span class='ocrx_word' id='word_1_17' title='bbox 1767 606 2166 667; x_wconf 84' lang='lat' dir='ltr'>Arduennam</span> <span class='ocrx_word' id='word_1_18' title='bbox 2211 611 2448 685; x_wconf 89' lang='lat' dir='ltr'>silvam,</span> 
     </span>
     <span class='ocr_line' id='line_1_4' title="bbox 445 692 2450 772; baseline 0.001 -19"><span class='ocrx_word' id='word_1_19' title='bbox 445 715 577 772; x_wconf 88' lang='lat' dir='ltr'>quae</span> <span class='ocrx_word' id='word_1_20' title='bbox 624 700 720 752; x_wconf 89' lang='lat' dir='ltr'>est</span> <span class='ocrx_word' id='word_1_21' title='bbox 762 693 951 752; x_wconf 91' lang='lat' dir='ltr'>totius</span> <span class='ocrx_word' id='word_1_22' title='bbox 999 692 1216 752; x_wconf 79' lang='lat' dir='ltr'>Gallias</span> <span class='ocrx_word' id='word_1_23' title='bbox 1263 693 1525 751; x_wconf 82' lang='lat' dir='ltr'>maxima</span> <span class='ocrx_word' id='word_1_24' title='bbox 1570 699 1753 768; x_wconf 86' lang='lat' dir='ltr'>atque</span> <span class='ocrx_word' id='word_1_25' title='bbox 1788 694 1864 752; x_wconf 89' lang='lat' dir='ltr'>ab</span> <span class='ocrx_word' id='word_1_26' title='bbox 1897 695 2048 771; x_wconf 83' lang='lat' dir='ltr'>ripis</span> <span class='ocrx_word' id='word_1_27' title='bbox 2082 695 2285 755; x_wconf 84' lang='lat' dir='ltr'>Rheni</span> <span class='ocrx_word' id='word_1_28' title='bbox 2317 695 2450 755; x_wconf 89' lang='lat' dir='ltr'>fini-</span> 
     </span>
     <span class='ocr_line' id='line_1_5' title="bbox 440 777 2442 856; baseline -0 -16"><span class='ocrx_word' id='word_1_29' title='bbox 440 782 676 855; x_wconf 80' lang='lat' dir='ltr'>busque</span> <span class='ocrx_word' id='word_1_30' title='bbox 722 779 1110 839; x_wconf 80' lang='lat' dir='ltr'>Trevirorum</span> <span class='ocrx_word' id='word_1_31' title='bbox 1156 777 1233 837; x_wconf 89' lang='lat' dir='ltr'>ad</span> <span class='ocrx_word' id='word_1_32' title='bbox 1277 778 1543 838; x_wconf 83' lang='lat' dir='ltr'>Nervios</span> <span class='ocrx_word' id='word_1_33' title='bbox 1587 779 1854 856; x_wconf 73' lang='lat' dir='ltr'>pertinet</span> <span class='ocrx_word' id='word_1_34' title='bbox 1908 780 2274 856; x_wconf 82' lang='lat' dir='ltr'>milibusque</span> <span class='ocrx_word' id='word_1_35' title='bbox 2319 801 2442 839; x_wconf 88' lang='lat' dir='ltr'>am-</span> 
     </span>
     <span class='ocr_line' id='line_1_6' title="bbox 445 864 2454 944; baseline 0 -20"><span class='ocrx_word' id='word_1_36' title='bbox 445 866 606 944; x_wconf 90' lang='lat' dir='ltr'>plius</span> <span class='ocrx_word' id='word_1_37' title='bbox 663 864 723 923; x_wconf 91' lang='lat' dir='ltr'>D</span> <span class='ocrx_word' id='word_1_38' title='bbox 779 865 842 922; x_wconf 93' lang='lat' dir='ltr'>in</span> <span class='ocrx_word' id='word_1_39' title='bbox 897 864 1337 941; x_wconf 86' lang='lat' dir='ltr'>longitudinem</span> <span class='ocrx_word' id='word_1_40' title='bbox 1392 869 1581 941; x_wconf 89' lang='lat' dir='ltr'>patet,</span> <span class='ocrx_word' id='word_1_41' title='bbox 1670 865 1743 922; x_wconf 91' lang='lat' dir='ltr'>L.</span> <span class='ocrx_word' id='word_1_42' title='bbox 1802 864 2135 924; x_wconf 89' lang='lat' dir='ltr'>Minucium</span> <span class='ocrx_word' id='word_1_43' title='bbox 2177 867 2454 925; x_wconf 84' lang='lat' dir='ltr'>Basilum</span> 
     </span>
     <span class='ocr_line' id='line_1_7' title="bbox 449 949 2450 1028; baseline -0 -17"><span class='ocrx_word' id='word_1_44' title='bbox 449 971 584 1011; x_wconf 90' lang='lat' dir='ltr'>cum</span> <span class='ocrx_word' id='word_1_45' title='bbox 631 949 793 1009; x_wconf 89' lang='lat' dir='ltr'>omni</span> <span class='ocrx_word' id='word_1_46' title='bbox 839 950 1115 1025; x_wconf 87' lang='lat' dir='ltr'>equitatu</span> <span class='ocrx_word' id='word_1_47' title='bbox 1157 950 1496 1028; x_wconf 87' lang='lat' dir='ltr'>praemittit,</span> <span class='ocrx_word' id='word_1_48' title='bbox 1557 950 1607 1008; x_wconf 90' lang='lat' dir='ltr'>si</span> <span class='ocrx_word' id='word_1_49' title='bbox 1643 950 1788 1024; x_wconf 87' lang='lat' dir='ltr'>quid</span> <span class='ocrx_word' id='word_1_50' title='bbox 1846 951 2159 1010; x_wconf 89' lang='lat' dir='ltr'>celeritate</span> <span class='ocrx_word' id='word_1_51' title='bbox 2213 952 2450 1010; x_wconf 89' lang='lat' dir='ltr'>itineris</span> 
     </span>
     <span class='ocr_line' id='line_1_8' title="bbox 450 1033 2448 1133; baseline -0.001 -37"><span class='ocrx_word' id='word_1_52' title='bbox 450 1044 630 1133; x_wconf 80' lang='lat' dir='ltr'>atque</span> <span class='ocrx_word' id='word_1_53' title='bbox 697 1036 1155 1133; x_wconf 85' lang='lat' dir='ltr'>opportunitate</span> <span class='ocrx_word' id='word_1_54' title='bbox 1220 1035 1514 1113; x_wconf 89' lang='lat' dir='ltr'>temporis</span> <span class='ocrx_word' id='word_1_55' title='bbox 1579 1033 1876 1113; x_wconf 88' lang='lat' dir='ltr'>proficere</span> <span class='ocrx_word' id='word_1_56' title='bbox 1942 1037 2168 1114; x_wconf 89' lang='lat' dir='ltr'>possit;</span> <span class='ocrx_word' id='word_1_57' title='bbox 2226 1043 2448 1113; x_wconf 88' lang='lat' dir='ltr'>monet,</span> 
     </span>
     <span class='ocr_line' id='line_1_9' title="bbox 444 1120 2451 1198; baseline -0.001 -17"><span class='ocrx_word' id='word_1_58' title='bbox 444 1129 511 1181; x_wconf 93' lang='lat' dir='ltr'>ut</span> <span class='ocrx_word' id='word_1_59' title='bbox 551 1121 728 1198; x_wconf 91' lang='lat' dir='ltr'>ignes</span> <span class='ocrx_word' id='word_1_60' title='bbox 772 1122 836 1180; x_wconf 90' lang='lat' dir='ltr'>in</span> <span class='ocrx_word' id='word_1_61' title='bbox 880 1121 1100 1180; x_wconf 86' lang='lat' dir='ltr'>castris</span> <span class='ocrx_word' id='word_1_62' title='bbox 1144 1120 1277 1180; x_wconf 91' lang='lat' dir='ltr'>fieri</span> <span class='ocrx_word' id='word_1_63' title='bbox 1320 1121 1660 1198; x_wconf 87' lang='lat' dir='ltr'>prohibeat,</span> <span class='ocrx_word' id='word_1_64' title='bbox 1718 1141 1795 1180; x_wconf 90' lang='lat' dir='ltr'>ne</span> <span class='ocrx_word' id='word_1_65' title='bbox 1856 1142 1976 1197; x_wconf 86' lang='lat' dir='ltr'>qua</span> <span class='ocrx_word' id='word_1_66' title='bbox 2033 1122 2168 1197; x_wconf 87' lang='lat' dir='ltr'>ejus</span> <span class='ocrx_word' id='word_1_67' title='bbox 2226 1123 2451 1183; x_wconf 88' lang='lat' dir='ltr'>adven-</span> 
     </span>
     <span class='ocr_line' id='line_1_10' title="bbox 444 1205 2521 1289; baseline -0 -22"><span class='ocrx_word' id='word_1_68' title='bbox 444 1214 543 1267; x_wconf 90' lang='lat' dir='ltr'>tus</span> <span class='ocrx_word' id='word_1_69' title='bbox 588 1206 803 1285; x_wconf 89' lang='lat' dir='ltr'>procul</span> <span class='ocrx_word' id='word_1_70' title='bbox 848 1205 1209 1284; x_wconf 89' lang='lat' dir='ltr'>significatio</span> <span class='ocrx_word' id='word_1_71' title='bbox 1245 1205 1385 1281; x_wconf 89' lang='lat' dir='ltr'>fiat;</span> <span class='ocrx_word' id='word_1_72' title='bbox 1427 1226 1566 1265; x_wconf 89' lang='lat' dir='ltr'>sese</span> <span class='ocrx_word' id='word_1_73' title='bbox 1602 1205 1924 1265; x_wconf 84' lang='lat' dir='ltr'>confestim</span> <span class='ocrx_word' id='word_1_74' title='bbox 1960 1209 2251 1283; x_wconf 87' lang='lat' dir='ltr'>subsequi</span> <span class='ocrx_word' id='word_1_75' title='bbox 2284 1207 2450 1266; x_wconf 89' lang='lat' dir='ltr'>dicit.</span> <span class='ocrx_word' id='word_1_76' title='bbox 2515 1282 2521 1289; x_wconf 31' lang='grc' dir='ltr'>Ι</span> 
     </span>
    </p>

    <p class='ocr_par' dir='ltr' id='par_1_3' title="bbox 444 1291 2460 2977">
     <span class='ocr_line' id='line_1_11' title="bbox 613 1291 2455 1369; baseline 0.001 -19"><span class='ocrx_word' id='word_1_77' title='bbox 613 1292 827 1351; x_wconf 88' lang='grc' dir='ltr'><strong>ΧΧΧ.</strong></span> <span class='ocrx_word' id='word_1_78' title='bbox 918 1292 1187 1368; x_wconf 85' lang='lat' dir='ltr'>Basilus,</span> <span class='ocrx_word' id='word_1_79' title='bbox 1233 1300 1303 1351; x_wconf 91' lang='lat' dir='ltr'>ut</span> <span class='ocrx_word' id='word_1_80' title='bbox 1346 1293 1711 1369; x_wconf 88' lang='lat' dir='ltr'>imperatum</span> <span class='ocrx_word' id='word_1_81' title='bbox 1757 1299 1870 1367; x_wconf 84' lang='lat' dir='ltr'>est,</span> <span class='ocrx_word' id='word_1_82' title='bbox 1931 1291 2112 1367; x_wconf 81' lang='lat' dir='ltr'>facit3</span> <span class='ocrx_word' id='word_1_83' title='bbox 2174 1294 2455 1353; x_wconf 84' lang='lat' dir='ltr'>celeriter</span> 
     </span>
     <span class='ocr_line' id='line_1_12' title="bbox 447 1338 2454 1476; baseline -0 -38"><span class='ocrx_word' id='word_1_84' title='bbox 447 1385 778 1476; x_wconf 84' lang='lat' dir='ltr'>contraque</span> <span class='ocrx_word' id='word_1_85' title='bbox 856 1378 1122 1437; x_wconf 89' lang='lat' dir='ltr'>omnium</span> <span class='ocrx_word' id='word_1_86' title='bbox 1187 1378 1530 1457; x_wconf 90' lang='lat' dir='ltr'>opinionem</span> <span class='ocrx_word' id='word_1_87' title='bbox 1606 1377 1882 1437; x_wconf 87' lang='lat' dir='ltr'>confecto</span> <span class='ocrx_word' id='word_1_88' title='bbox 1947 1338 2164 1438; x_wconf 63' lang='lat' dir='ltr'>itinere</span> <span class='ocrx_word' id='word_1_89' title='bbox 2229 1379 2454 1437; x_wconf 90' lang='lat' dir='ltr'>multos</span> 
     </span>
     <span class='ocr_line' id='line_1_13' title="bbox 446 1462 2452 1562; baseline -0.001 -38"><span class='ocrx_word' id='word_1_90' title='bbox 446 1463 510 1524; x_wconf 85' lang='lat' dir='ltr'>in</span> <span class='ocrx_word' id='word_1_91' title='bbox 553 1464 718 1541; x_wconf 87' lang='lat' dir='ltr'>agris</span> <span class='ocrx_word' id='word_1_92' title='bbox 763 1464 1145 1541; x_wconf 87' lang='lat' dir='ltr'>inopinantes</span> <span class='ocrx_word' id='word_1_93' title='bbox 1192 1462 1620 1542; x_wconf 81' lang='lat' dir='ltr'>deprehendit3</span> <span class='ocrx_word' id='word_1_94' title='bbox 1682 1484 1890 1523; x_wconf 90' lang='lat' dir='ltr'>eorum</span> <span class='ocrx_word' id='word_1_95' title='bbox 1947 1464 2171 1524; x_wconf 88' lang='lat' dir='ltr'>indicio</span> <span class='ocrx_word' id='word_1_96' title='bbox 2229 1463 2306 1523; x_wconf 88' lang='lat' dir='ltr'>ad</span> <span class='ocrx_word' id='word_1_97' title='bbox 2361 1464 2452 1562; x_wconf 88' lang='grc' dir='ltr'>1Ρ-</span> 
     </span>
     <span class='ocr_line' id='line_1_14' title="bbox 448 1549 2453 1628; baseline -0.001 -19"><span class='ocrx_word' id='word_1_98' title='bbox 448 1569 584 1610; x_wconf 89' lang='lat' dir='ltr'>sum</span> <span class='ocrx_word' id='word_1_99' title='bbox 605 1549 1022 1626; x_wconf 87' lang='lat' dir='ltr'>Ambiorigem</span> <span class='ocrx_word' id='word_1_100' title='bbox 1060 1549 1390 1624; x_wconf 85' lang='lat' dir='ltr'>contendit,</span> <span class='ocrx_word' id='word_1_101' title='bbox 1438 1568 1558 1625; x_wconf 89' lang='lat' dir='ltr'>quo</span> <span class='ocrx_word' id='word_1_102' title='bbox 1595 1549 1658 1607; x_wconf 91' lang='lat' dir='ltr'>in</span> <span class='ocrx_word' id='word_1_103' title='bbox 1691 1549 1826 1608; x_wconf 89' lang='lat' dir='ltr'>loco</span> <span class='ocrx_word' id='word_1_104' title='bbox 1862 1569 2024 1609; x_wconf 92' lang='lat' dir='ltr'>cum</span> <span class='ocrx_word' id='word_1_105' title='bbox 2035 1550 2249 1628; x_wconf 88' lang='lat' dir='ltr'>paucis</span> <span class='ocrx_word' id='word_1_106' title='bbox 2289 1550 2453 1625; x_wconf 90' lang='lat' dir='ltr'>equi—</span> 
     </span>
     <span class='ocr_line' id='line_1_15' title="bbox 447 1634 2451 1711; baseline -0 -17"><span class='ocrx_word' id='word_1_107' title='bbox 447 1635 614 1694; x_wconf 91' lang='lat' dir='ltr'>tibus</span> <span class='ocrx_word' id='word_1_108' title='bbox 660 1654 798 1694; x_wconf 89' lang='lat' dir='ltr'>esse</span> <span class='ocrx_word' id='word_1_109' title='bbox 844 1635 1180 1694; x_wconf 90' lang='lat' dir='ltr'>dicebatur.</span> <span class='ocrx_word' id='word_1_110' title='bbox 1271 1635 1532 1693; x_wconf 89' lang='lat' dir='ltr'>Multum</span> <span class='ocrx_word' id='word_1_111' title='bbox 1589 1654 1773 1711; x_wconf 90' lang='lat' dir='ltr'>quum</span> <span class='ocrx_word' id='word_1_112' title='bbox 1816 1634 1883 1694; x_wconf 91' lang='lat' dir='ltr'>in</span> <span class='ocrx_word' id='word_1_113' title='bbox 1925 1636 2203 1694; x_wconf 88' lang='lat' dir='ltr'>omnibus</span> <span class='ocrx_word' id='word_1_114' title='bbox 2247 1637 2451 1709; x_wconf 88' lang='lat' dir='ltr'>rebus,</span> 
     </span>
     <span class='ocr_line' id='line_1_16' title="bbox 449 1719 2454 1799; baseline -0.001 -19"><span class='ocrx_word' id='word_1_115' title='bbox 449 1727 581 1780; x_wconf 90' lang='lat' dir='ltr'>tum</span> <span class='ocrx_word' id='word_1_116' title='bbox 624 1721 687 1779; x_wconf 89' lang='lat' dir='ltr'>in</span> <span class='ocrx_word' id='word_1_117' title='bbox 732 1739 799 1779; x_wconf 88' lang='lat' dir='ltr'>re</span> <span class='ocrx_word' id='word_1_118' title='bbox 843 1721 1089 1779; x_wconf 90' lang='lat' dir='ltr'>militari</span> <span class='ocrx_word' id='word_1_119' title='bbox 1143 1727 1351 1799; x_wconf 87' lang='lat' dir='ltr'>potest</span> <span class='ocrx_word' id='word_1_120' title='bbox 1405 1719 1670 1788; x_wconf 77' lang='lat' dir='ltr'>fortuna.</span> <span class='ocrx_word' id='word_1_121' title='bbox 1782 1720 1943 1779; x_wconf 88' lang='lat' dir='ltr'>Nam</span> <span class='ocrx_word' id='word_1_122' title='bbox 2010 1721 2170 1780; x_wconf 89' lang='lat' dir='ltr'>sicut</span> <span class='ocrx_word' id='word_1_123' title='bbox 2235 1740 2454 1796; x_wconf 86' lang='lat' dir='ltr'>magno</span> 
     </span>
     <span class='ocr_line' id='line_1_17' title="bbox 448 1800 2455 1884; baseline -0 -19"><span class='ocrx_word' id='word_1_124' title='bbox 448 1806 671 1866; x_wconf 86' lang='lat' dir='ltr'>accidit</span> <span class='ocrx_word' id='word_1_125' title='bbox 715 1825 883 1882; x_wconf 88' lang='lat' dir='ltr'>casu,</span> <span class='ocrx_word' id='word_1_126' title='bbox 930 1813 1000 1865; x_wconf 86' lang='lat' dir='ltr'>ut</span> <span class='ocrx_word' id='word_1_127' title='bbox 1042 1807 1105 1864; x_wconf 92' lang='lat' dir='ltr'>in</span> <span class='ocrx_word' id='word_1_128' title='bbox 1148 1807 1349 1884; x_wconf 90' lang='lat' dir='ltr'>ipsum</span> <span class='ocrx_word' id='word_1_129' title='bbox 1391 1806 1706 1865; x_wconf 84' lang='lat' dir='ltr'>incautum</span> <span class='ocrx_word' id='word_1_130' title='bbox 1754 1800 1935 1865; x_wconf 88' lang='lat' dir='ltr'>etiam</span> <span class='ocrx_word' id='word_1_131' title='bbox 1969 1814 2151 1882; x_wconf 88' lang='lat' dir='ltr'>atque</span> <span class='ocrx_word' id='word_1_132' title='bbox 2194 1806 2455 1883; x_wconf 86' lang='lat' dir='ltr'>impara-</span> 
     </span>
     <span class='ocr_line' id='line_1_18' title="bbox 447 1891 2456 1969; baseline 0.001 -19"><span class='ocrx_word' id='word_1_133' title='bbox 447 1899 578 1950; x_wconf 91' lang='lat' dir='ltr'>tum</span> <span class='ocrx_word' id='word_1_134' title='bbox 620 1892 918 1951; x_wconf 87' lang='lat' dir='ltr'>incideret</span> <span class='ocrx_word' id='word_1_135' title='bbox 961 1893 1253 1969; x_wconf 88' lang='lat' dir='ltr'>priusque</span> <span class='ocrx_word' id='word_1_136' title='bbox 1310 1892 1443 1969; x_wconf 87' lang='lat' dir='ltr'>ejus</span> <span class='ocrx_word' id='word_1_137' title='bbox 1500 1891 1800 1951; x_wconf 89' lang='lat' dir='ltr'>adventus</span> <span class='ocrx_word' id='word_1_138' title='bbox 1857 1892 1933 1950; x_wconf 92' lang='lat' dir='ltr'>ab</span> <span class='ocrx_word' id='word_1_139' title='bbox 1979 1891 2322 1950; x_wconf 86' lang='lat' dir='ltr'>hominibus</span> <span class='ocrx_word' id='word_1_140' title='bbox 2366 1891 2456 1952; x_wconf 85' lang='lat' dir='ltr'>vi·</span> 
     </span>
     <span class='ocr_line' id='line_1_19' title="bbox 449 1975 2454 2053; baseline 0 -18"><span class='ocrx_word' id='word_1_141' title='bbox 449 1975 713 2052; x_wconf 87' lang='lat' dir='ltr'>deretur,</span> <span class='ocrx_word' id='word_1_142' title='bbox 785 1997 966 2053; x_wconf 88' lang='lat' dir='ltr'>quam</span> <span class='ocrx_word' id='word_1_143' title='bbox 1024 1976 1190 2036; x_wconf 87' lang='lat' dir='ltr'>fama</span> <span class='ocrx_word' id='word_1_144' title='bbox 1257 1997 1329 2037; x_wconf 85' lang='lat' dir='ltr'>ac</span> <span class='ocrx_word' id='word_1_145' title='bbox 1372 1978 1622 2036; x_wconf 89' lang='lat' dir='ltr'>nuntius</span> <span class='ocrx_word' id='word_1_146' title='bbox 1669 1976 2012 2052; x_wconf 85' lang='lat' dir='ltr'>afferretur,</span> <span class='ocrx_word' id='word_1_147' title='bbox 2083 1977 2172 2036; x_wconf 92' lang='lat' dir='ltr'>sic</span> <span class='ocrx_word' id='word_1_148' title='bbox 2218 1995 2454 2053; x_wconf 75' lang='lat' dir='ltr'>magnae</span> 
     </span>
     <span class='ocr_line' id='line_1_20' title="bbox 446 2061 2457 2139; baseline 0 -19"><span class='ocrx_word' id='word_1_149' title='bbox 446 2061 567 2121; x_wconf 83' lang='lat' dir='ltr'>fuit</span> <span class='ocrx_word' id='word_1_150' title='bbox 586 2088 589 2091; x_wconf 92' lang='lat'>·</span> <span class='ocrx_word' id='word_1_151' title='bbox 608 2061 872 2121; x_wconf 73' lang='lat' dir='ltr'>fortunae</span> <span class='ocrx_word' id='word_1_152' title='bbox 942 2063 1099 2122; x_wconf 92' lang='lat' dir='ltr'>omni</span> <span class='ocrx_word' id='word_1_153' title='bbox 1144 2063 1391 2122; x_wconf 89' lang='lat' dir='ltr'>militari</span> <span class='ocrx_word' id='word_1_154' title='bbox 1433 2063 1858 2138; x_wconf 85' lang='lat' dir='ltr'>instrumentO,</span> <span class='ocrx_word' id='word_1_155' title='bbox 1906 2063 2071 2139; x_wconf 90' lang='lat' dir='ltr'>quod</span> <span class='ocrx_word' id='word_1_156' title='bbox 2115 2063 2345 2122; x_wconf 88' lang='lat' dir='ltr'>circum</span> <span class='ocrx_word' id='word_1_157' title='bbox 2389 2081 2457 2121; x_wconf 90' lang='lat' dir='ltr'>se</span> 
     </span>
     <span class='ocr_line' id='line_1_21' title="bbox 445 2146 2454 2227; baseline -0 -20"><span class='ocrx_word' id='word_1_158' title='bbox 445 2147 729 2224; x_wconf 82' lang='lat' dir='ltr'>habebat,</span> <span class='ocrx_word' id='word_1_159' title='bbox 780 2154 1007 2226; x_wconf 82' lang='lat' dir='ltr'>ereptO,</span> <span class='ocrx_word' id='word_1_160' title='bbox 1054 2149 1219 2208; x_wconf 88' lang='lat' dir='ltr'>redis</span> <span class='ocrx_word' id='word_1_161' title='bbox 1266 2149 1563 2224; x_wconf 88' lang='lat' dir='ltr'>equisque</span> <span class='ocrx_word' id='word_1_162' title='bbox 1609 2149 2064 2226; x_wconf 89' lang='lat' dir='ltr'>comprehensis</span> <span class='ocrx_word' id='word_1_163' title='bbox 2119 2149 2322 2227; x_wconf 88' lang='lat' dir='ltr'>ipsum</span> <span class='ocrx_word' id='word_1_164' title='bbox 2366 2146 2454 2206; x_wconf 92' lang='lat' dir='ltr'>ef-</span> 
     </span>
     <span class='ocr_line' id='line_1_22' title="bbox 444 2231 2457 2310; baseline -0 -18"><span class='ocrx_word' id='word_1_165' title='bbox 444 2231 661 2310; x_wconf 84' lang='lat' dir='ltr'>fugere</span> <span class='ocrx_word' id='word_1_166' title='bbox 728 2240 1003 2293; x_wconf 90' lang='lat' dir='ltr'>mortem.</span> <span class='ocrx_word' id='word_1_167' title='bbox 1117 2233 1241 2294; x_wconf 86' lang='lat' dir='ltr'>Sed</span> <span class='ocrx_word' id='word_1_168' title='bbox 1307 2235 1421 2294; x_wconf 88' lang='lat' dir='ltr'>hoc</span> <span class='ocrx_word' id='word_1_169' title='bbox 1491 2254 1562 2293; x_wconf 91' lang='lat' dir='ltr'>eo</span> <span class='ocrx_word' id='word_1_170' title='bbox 1628 2234 1863 2294; x_wconf 89' lang='lat' dir='ltr'>factum</span> <span class='ocrx_word' id='word_1_171' title='bbox 1920 2241 2032 2310; x_wconf 90' lang='lat' dir='ltr'>est,</span> <span class='ocrx_word' id='word_1_172' title='bbox 2103 2233 2267 2309; x_wconf 88' lang='lat' dir='ltr'>quod</span> <span class='ocrx_word' id='word_1_173' title='bbox 2311 2233 2457 2292; x_wconf 86' lang='lat' dir='ltr'>aedi-</span> 
     </span>
     <span class='ocr_line' id='line_1_23' title="bbox 445 2317 2457 2391; baseline -0.001 -13"><span class='ocrx_word' id='word_1_174' title='bbox 445 2317 581 2378; x_wconf 88' lang='lat' dir='ltr'>ficio</span> <span class='ocrx_word' id='word_1_175' title='bbox 652 2319 1025 2378; x_wconf 87' lang='lat' dir='ltr'>circumdato</span> <span class='ocrx_word' id='word_1_176' title='bbox 1095 2320 1251 2381; x_wconf 87' lang='lat' dir='ltr'>silva</span> <span class='ocrx_word' id='word_1_177' title='bbox 1318 2319 1410 2391; x_wconf 88' lang='lat' dir='ltr'>(ut</span> <span class='ocrx_word' id='word_1_178' title='bbox 1477 2326 1623 2378; x_wconf 89' lang='lat' dir='ltr'>sunt</span> <span class='ocrx_word' id='word_1_179' title='bbox 1685 2319 1817 2378; x_wconf 91' lang='lat' dir='ltr'>fere</span> <span class='ocrx_word' id='word_1_180' title='bbox 1888 2319 2192 2378; x_wconf 88' lang='lat' dir='ltr'>domicilia</span> <span class='ocrx_word' id='word_1_181' title='bbox 2251 2318 2457 2377; x_wconf 80' lang='lat' dir='ltr'>Gallo-</span> 
     </span>
     <span class='ocr_line' id='line_1_24' title="bbox 448 2403 2459 2482; baseline -0.001 -19"><span class='ocrx_word' id='word_1_182' title='bbox 448 2425 600 2479; x_wconf 86' lang='lat' dir='ltr'>rum,</span> <span class='ocrx_word' id='word_1_183' title='bbox 660 2405 765 2480; x_wconf 90' lang='lat' dir='ltr'>qui</span> <span class='ocrx_word' id='word_1_184' title='bbox 819 2405 1054 2464; x_wconf 88' lang='lat' dir='ltr'>vitandi</span> <span class='ocrx_word' id='word_1_185' title='bbox 1114 2413 1303 2465; x_wconf 85' lang='lat' dir='ltr'>aestus</span> <span class='ocrx_word' id='word_1_186' title='bbox 1362 2425 1550 2464; x_wconf 87' lang='lat' dir='ltr'>causa</span> <span class='ocrx_word' id='word_1_187' title='bbox 1612 2405 1970 2482; x_wconf 88' lang='lat' dir='ltr'>plerumque</span> <span class='ocrx_word' id='word_1_188' title='bbox 2038 2403 2331 2463; x_wconf 84' lang='lat' dir='ltr'>silvarum</span> <span class='ocrx_word' id='word_1_189' title='bbox 2388 2423 2459 2461; x_wconf 90' lang='lat' dir='ltr'>ac</span> 
     </span>
     <span class='ocr_line' id='line_1_25' title="bbox 447 2488 2460 2569; baseline -0 -21"><span class='ocrx_word' id='word_1_190' title='bbox 447 2488 763 2549; x_wconf 89' lang='lat' dir='ltr'>fluminum</span> <span class='ocrx_word' id='word_1_191' title='bbox 819 2497 1039 2568; x_wconf 91' lang='lat' dir='ltr'>petunt</span> <span class='ocrx_word' id='word_1_192' title='bbox 1105 2488 1614 2569; x_wconf 88' lang='lat' dir='ltr'>propinquitates)</span> <span class='ocrx_word' id='word_1_193' title='bbox 1687 2490 1940 2549; x_wconf 86' lang='lat' dir='ltr'>comites</span> <span class='ocrx_word' id='word_1_194' title='bbox 2004 2488 2460 2564; x_wconf 86' lang='lat' dir='ltr'>familiaresque</span> 
     </span>
     <span class='ocr_line' id='line_1_26' title="bbox 451 2574 2460 2654; baseline -0 -19"><span class='ocrx_word' id='word_1_195' title='bbox 451 2575 583 2652; x_wconf 84' lang='lat' dir='ltr'>ejus</span> <span class='ocrx_word' id='word_1_196' title='bbox 652 2583 911 2652; x_wconf 88' lang='lat' dir='ltr'>angusto</span> <span class='ocrx_word' id='word_1_197' title='bbox 978 2576 1042 2634; x_wconf 91' lang='lat' dir='ltr'>in</span> <span class='ocrx_word' id='word_1_198' title='bbox 1084 2577 1217 2636; x_wconf 93' lang='lat' dir='ltr'>loco</span> <span class='ocrx_word' id='word_1_199' title='bbox 1275 2575 1588 2654; x_wconf 88' lang='lat' dir='ltr'>paulisper</span> <span class='ocrx_word' id='word_1_200' title='bbox 1633 2575 1904 2652; x_wconf 89' lang='lat' dir='ltr'>equitum</span> <span class='ocrx_word' id='word_1_201' title='bbox 1946 2580 2293 2634; x_wconf 90' lang='lat' dir='ltr'>nostrorum</span> <span class='ocrx_word' id='word_1_202' title='bbox 2335 2574 2460 2634; x_wconf 88' lang='lat' dir='ltr'>vim</span> 
     </span>
     <span class='ocr_line' id='line_1_27' title="bbox 451 2659 2458 2740; baseline -0.001 -20"><span class='ocrx_word' id='word_1_203' title='bbox 451 2661 887 2720; x_wconf 88' lang='lat' dir='ltr'>sustinuerunt.</span> <span class='ocrx_word' id='word_1_204' title='bbox 978 2661 1095 2720; x_wconf 86' lang='lat' dir='ltr'>His</span> <span class='ocrx_word' id='word_1_205' title='bbox 1139 2662 1554 2740; x_wconf 86' lang='lat' dir='ltr'>pugnantibus</span> <span class='ocrx_word' id='word_1_206' title='bbox 1609 2661 1780 2720; x_wconf 87' lang='lat' dir='ltr'>illum</span> <span class='ocrx_word' id='word_1_207' title='bbox 1835 2660 1899 2720; x_wconf 91' lang='lat' dir='ltr'>in</span> <span class='ocrx_word' id='word_1_208' title='bbox 1945 2680 2167 2737; x_wconf 85' lang='lat' dir='ltr'>equum</span> <span class='ocrx_word' id='word_1_209' title='bbox 2212 2659 2458 2735; x_wconf 88' lang='lat' dir='ltr'>quidam</span> 
     </span>
     <span class='ocr_line' id='line_1_28' title="bbox 452 2743 2460 2825; baseline -0.002 -18"><span class='ocrx_word' id='word_1_210' title='bbox 452 2765 527 2807; x_wconf 81' lang='lat' dir='ltr'>ex</span> <span class='ocrx_word' id='word_1_211' title='bbox 590 2746 719 2805; x_wconf 88' lang='lat' dir='ltr'>suis</span> <span class='ocrx_word' id='word_1_212' title='bbox 784 2747 1005 2823; x_wconf 90' lang='lat' dir='ltr'>intulit,</span> <span class='ocrx_word' id='word_1_213' title='bbox 1076 2747 1411 2825; x_wconf 80' lang='lat' dir='ltr'>fugientem</span> <span class='ocrx_word' id='word_1_214' title='bbox 1478 2747 1651 2807; x_wconf 85' lang='lat' dir='ltr'>silvae</span> <span class='ocrx_word' id='word_1_215' title='bbox 1696 2754 1999 2806; x_wconf 84' lang='lat' dir='ltr'>texerunt.</span> <span class='ocrx_word' id='word_1_216' title='bbox 2114 2744 2216 2805; x_wconf 88' lang='lat' dir='ltr'>Sic</span> <span class='ocrx_word' id='word_1_217' title='bbox 2274 2751 2336 2804; x_wconf 88' lang='lat' dir='ltr'>et</span> <span class='ocrx_word' id='word_1_218' title='bbox 2381 2743 2460 2803; x_wconf 89' lang='lat' dir='ltr'>ad</span> 
     </span>
     <span class='ocr_line' id='line_1_29' title="bbox 454 2830 2460 2910; baseline -0.001 -18"><span class='ocrx_word' id='word_1_219' title='bbox 454 2831 833 2892; x_wconf 90' lang='lat' dir='ltr'>subeundum</span> <span class='ocrx_word' id='word_1_220' title='bbox 877 2833 1214 2910; x_wconf 86' lang='lat' dir='ltr'>periculum</span> <span class='ocrx_word' id='word_1_221' title='bbox 1282 2840 1343 2893; x_wconf 86' lang='lat' dir='ltr'>et</span> <span class='ocrx_word' id='word_1_222' title='bbox 1404 2833 1483 2893; x_wconf 88' lang='lat' dir='ltr'>ad</span> <span class='ocrx_word' id='word_1_223' title='bbox 1527 2832 1845 2893; x_wconf 87' lang='lat' dir='ltr'>vitandum</span> <span class='ocrx_word' id='word_1_224' title='bbox 1897 2833 2157 2892; x_wconf 89' lang='lat' dir='ltr'>multum</span> <span class='ocrx_word' id='word_1_225' title='bbox 2211 2830 2460 2890; x_wconf 87' lang='lat' dir='ltr'>fortuna</span> 
     </span>
     <span class='ocr_line' id='line_1_30' title="bbox 453 2918 661 2977; baseline -0.01 0"><span class='ocrx_word' id='word_1_226' title='bbox 453 2918 661 2977; x_wconf 84' lang='lat' dir='ltr'>valuit.</span> 
     </span>
    </p>

    <p class='ocr_par' dir='ltr' id='par_1_4' title="bbox 443 3002 2467 4110">
     <span class='ocr_line' id='line_1_31' title="bbox 623 3002 2460 3082; baseline -0.001 -21"><span class='ocrx_word' id='word_1_227' title='bbox 623 3002 874 3062; x_wconf 89' lang='lat' dir='ltr'>XXXI.</span> <span class='ocrx_word' id='word_1_228' title='bbox 965 3004 1286 3064; x_wconf 83' lang='lat' dir='ltr'>Ambiorix</span> <span class='ocrx_word' id='word_1_229' title='bbox 1333 3005 1543 3082; x_wconf 89' lang='lat' dir='ltr'>copias</span> <span class='ocrx_word' id='word_1_230' title='bbox 1590 3023 1734 3064; x_wconf 88' lang='lat' dir='ltr'>suas</span> <span class='ocrx_word' id='word_1_231' title='bbox 1783 3003 2098 3080; x_wconf 87' lang='lat' dir='ltr'>judicione</span> <span class='ocrx_word' id='word_1_232' title='bbox 2153 3023 2274 3061; x_wconf 91' lang='lat' dir='ltr'>non</span> <span class='ocrx_word' id='word_1_233' title='bbox 2321 3021 2460 3060; x_wconf 89' lang='lat' dir='ltr'>con-</span> 
     </span>
     <span class='ocr_line' id='line_1_32' title="bbox 456 3086 2461 3167; baseline -0.002 -20"><span class='ocrx_word' id='word_1_234' title='bbox 456 3086 713 3163; x_wconf 82' lang='lat' dir='ltr'>duxerit,</span> <span class='ocrx_word' id='word_1_235' title='bbox 751 3089 910 3164; x_wconf 88' lang='lat' dir='ltr'>quod</span> <span class='ocrx_word' id='word_1_236' title='bbox 945 3090 1159 3167; x_wconf 87' lang='lat' dir='ltr'>proelio</span> <span class='ocrx_word' id='word_1_237' title='bbox 1196 3089 1608 3150; x_wconf 88' lang='lat' dir='ltr'>dimicandum</span> <span class='ocrx_word' id='word_1_238' title='bbox 1629 3109 1751 3148; x_wconf 90' lang='lat' dir='ltr'>non</span> <span class='ocrx_word' id='word_1_239' title='bbox 1785 3087 2163 3162; x_wconf 83' lang='lat' dir='ltr'>existimarit,</span> <span class='ocrx_word' id='word_1_240' title='bbox 2211 3106 2289 3145; x_wconf 91' lang='lat' dir='ltr'>an</span> <span class='ocrx_word' id='word_1_241' title='bbox 2309 3093 2461 3144; x_wconf 89' lang='lat' dir='ltr'>tem·</span> 
     </span>
     <span class='ocr_line' id='line_1_33' title="bbox 453 3171 2458 3253; baseline -0.002 -21"><span class='ocrx_word' id='word_1_242' title='bbox 453 3193 600 3251; x_wconf 89' lang='lat' dir='ltr'>pore</span> <span class='ocrx_word' id='word_1_243' title='bbox 648 3174 935 3233; x_wconf 87' lang='lat' dir='ltr'>exclusus</span> <span class='ocrx_word' id='word_1_244' title='bbox 980 3182 1043 3234; x_wconf 88' lang='lat' dir='ltr'>et</span> <span class='ocrx_word' id='word_1_245' title='bbox 1085 3177 1401 3253; x_wconf 88' lang='lat' dir='ltr'>repentino</span> <span class='ocrx_word' id='word_1_246' title='bbox 1449 3175 1721 3252; x_wconf 90' lang='lat' dir='ltr'>equitum</span> <span class='ocrx_word' id='word_1_247' title='bbox 1783 3173 2051 3234; x_wconf 84' lang='lat' dir='ltr'>adventu</span> <span class='ocrx_word' id='word_1_248' title='bbox 2093 3171 2458 3251; x_wconf 87' lang='lat' dir='ltr'>prohibitus,</span> 
     </span>
     <span class='ocr_line' id='line_1_34' title="bbox 456 3258 2458 3336; baseline -0.001 -19"><span class='ocrx_word' id='word_1_249' title='bbox 456 3278 639 3334; x_wconf 90' lang='lat' dir='ltr'>quum</span> <span class='ocrx_word' id='word_1_250' title='bbox 681 3259 982 3336; x_wconf 91' lang='lat' dir='ltr'>reliquum</span> <span class='ocrx_word' id='word_1_251' title='bbox 1028 3262 1359 3320; x_wconf 86' lang='lat' dir='ltr'>exercitum</span> <span class='ocrx_word' id='word_1_252' title='bbox 1383 3260 1676 3336; x_wconf 88' lang='lat' dir='ltr'>subsequi</span> <span class='ocrx_word' id='word_1_253' title='bbox 1711 3259 2008 3334; x_wconf 88' lang='lat' dir='ltr'>crederet,</span> <span class='ocrx_word' id='word_1_254' title='bbox 2048 3258 2300 3316; x_wconf 92' lang='lat' dir='ltr'>dubium</span> <span class='ocrx_word' id='word_1_255' title='bbox 2336 3261 2458 3330; x_wconf 87' lang='lat' dir='ltr'>est;</span> 
     </span>
     <span class='ocr_line' id='line_1_35' title="bbox 456 3344 2460 3424; baseline -0.002 -20"><span class='ocrx_word' id='word_1_256' title='bbox 456 3344 565 3405; x_wconf 83' lang='lat' dir='ltr'>sed</span> <span class='ocrx_word' id='word_1_257' title='bbox 611 3351 776 3404; x_wconf 87' lang='lat' dir='ltr'>certe</span> <span class='ocrx_word' id='word_1_258' title='bbox 822 3344 1092 3405; x_wconf 89' lang='lat' dir='ltr'>dimissis</span> <span class='ocrx_word' id='word_1_259' title='bbox 1138 3367 1250 3424; x_wconf 91' lang='lat' dir='ltr'>per</span> <span class='ocrx_word' id='word_1_260' title='bbox 1295 3366 1476 3424; x_wconf 88' lang='lat' dir='ltr'>agros</span> <span class='ocrx_word' id='word_1_261' title='bbox 1522 3345 1753 3405; x_wconf 88' lang='lat' dir='ltr'>nuntiis</span> <span class='ocrx_word' id='word_1_262' title='bbox 1800 3344 1918 3402; x_wconf 92' lang='lat' dir='ltr'>sibi</span> <span class='ocrx_word' id='word_1_263' title='bbox 1964 3362 2264 3420; x_wconf 89' lang='lat' dir='ltr'>quemque</span> <span class='ocrx_word' id='word_1_264' title='bbox 2320 3361 2460 3400; x_wconf 90' lang='lat' dir='ltr'>con-</span> 
     </span>
     <span class='ocr_line' id='line_1_36' title="bbox 455 3429 2460 3511; baseline -0.001 -23"><span class='ocrx_word' id='word_1_265' title='bbox 455 3429 653 3489; x_wconf 88' lang='lat' dir='ltr'>sulere</span> <span class='ocrx_word' id='word_1_266' title='bbox 689 3430 899 3506; x_wconf 84' lang='lat' dir='ltr'>jussit,</span> <span class='ocrx_word' id='word_1_267' title='bbox 948 3451 1203 3507; x_wconf 89' lang='lat' dir='ltr'>quorum</span> <span class='ocrx_word' id='word_1_268' title='bbox 1246 3451 1393 3511; x_wconf 88' lang='lat' dir='ltr'>pars</span> <span class='ocrx_word' id='word_1_269' title='bbox 1448 3432 1513 3490; x_wconf 92' lang='lat' dir='ltr'>in</span> <span class='ocrx_word' id='word_1_270' title='bbox 1567 3431 1964 3490; x_wconf 82' lang='lat' dir='ltr'>Arduennam</span> <span class='ocrx_word' id='word_1_271' title='bbox 2008 3429 2258 3504; x_wconf 88' lang='lat' dir='ltr'>silvam,</span> <span class='ocrx_word' id='word_1_272' title='bbox 2313 3446 2460 3506; x_wconf 89' lang='lat' dir='ltr'>pars</span> 
     </span>
     <span class='ocr_line' id='line_1_37' title="bbox 456 3513 2462 3595; baseline -0.001 -21"><span class='ocrx_word' id='word_1_273' title='bbox 456 3514 518 3574; x_wconf 90' lang='lat' dir='ltr'>in</span> <span class='ocrx_word' id='word_1_274' title='bbox 585 3515 968 3576; x_wconf 90' lang='lat' dir='ltr'>continentes</span> <span class='ocrx_word' id='word_1_275' title='bbox 1032 3518 1289 3595; x_wconf 87' lang='lat' dir='ltr'>paludes</span> <span class='ocrx_word' id='word_1_276' title='bbox 1348 3517 1652 3595; x_wconf 87' lang='lat' dir='ltr'>profugit,</span> <span class='ocrx_word' id='word_1_277' title='bbox 1723 3517 1826 3591; x_wconf 90' lang='lat' dir='ltr'>qui</span> <span class='ocrx_word' id='word_1_278' title='bbox 1891 3515 2152 3593; x_wconf 86' lang='lat' dir='ltr'>proximi</span> <span class='ocrx_word' id='word_1_279' title='bbox 2219 3513 2462 3573; x_wconf 89' lang='lat' dir='ltr'>Oceano</span> 
     </span>
     <span class='ocr_line' id='line_1_38' title="bbox 458 3597 2464 3678; baseline -0.002 -19"><span class='ocrx_word' id='word_1_280' title='bbox 458 3598 725 3676; x_wconf 86' lang='lat' dir='ltr'>fuerunt,</span> <span class='ocrx_word' id='word_1_281' title='bbox 760 3601 838 3661; x_wconf 88' lang='lat' dir='ltr'>iis</span> <span class='ocrx_word' id='word_1_282' title='bbox 870 3602 1085 3662; x_wconf 89' lang='lat' dir='ltr'>insulis</span> <span class='ocrx_word' id='word_1_283' title='bbox 1124 3622 1263 3662; x_wconf 89' lang='lat' dir='ltr'>sese</span> <span class='ocrx_word' id='word_1_284' title='bbox 1298 3603 1782 3677; x_wconf 88' lang='lat' dir='ltr'>occultaverunt,</span> <span class='ocrx_word' id='word_1_285' title='bbox 1823 3619 1977 3678; x_wconf 87' lang='lat' dir='ltr'>quas</span> <span class='ocrx_word' id='word_1_286' title='bbox 2003 3608 2193 3660; x_wconf 85' lang='lat' dir='ltr'>aestus</span> <span class='ocrx_word' id='word_1_287' title='bbox 2218 3597 2464 3659; x_wconf 86' lang='lat' dir='ltr'>efficere</span> 
     </span>
     <span class='ocr_line' id='line_1_39' title="bbox 461 3687 2464 3765; baseline -0.003 -19"><span class='ocrx_word' id='word_1_288' title='bbox 461 3693 859 3761; x_wconf 86' lang='lat' dir='ltr'>consverunt;</span> <span class='ocrx_word' id='word_1_289' title='bbox 919 3689 1094 3747; x_wconf 88' lang='lat' dir='ltr'>multi</span> <span class='ocrx_word' id='word_1_290' title='bbox 1139 3709 1213 3748; x_wconf 87' lang='lat' dir='ltr'>ex</span> <span class='ocrx_word' id='word_1_291' title='bbox 1259 3690 1386 3748; x_wconf 88' lang='lat' dir='ltr'>suis</span> <span class='ocrx_word' id='word_1_292' title='bbox 1424 3688 1648 3748; x_wconf 91' lang='lat' dir='ltr'>finibus</span> <span class='ocrx_word' id='word_1_293' title='bbox 1673 3687 1907 3765; x_wconf 89' lang='lat' dir='ltr'>egressi</span> <span class='ocrx_word' id='word_1_294' title='bbox 1952 3705 2020 3747; x_wconf 92' lang='lat' dir='ltr'>se</span> <span class='ocrx_word' id='word_1_295' title='bbox 2065 3704 2295 3760; x_wconf 87' lang='lat' dir='ltr'>suaque</span> <span class='ocrx_word' id='word_1_296' title='bbox 2339 3701 2464 3741; x_wconf 87' lang='lat' dir='ltr'>om·</span> 
     </span>
     <span class='ocr_line' id='line_1_40' title="bbox 456 3767 2463 3847; baseline -0.003 -17"><span class='ocrx_word' id='word_1_297' title='bbox 456 3771 557 3831; x_wconf 87' lang='lat' dir='ltr'>nia</span> <span class='ocrx_word' id='word_1_298' title='bbox 602 3772 993 3832; x_wconf 88' lang='lat' dir='ltr'>alienissimis</span> <span class='ocrx_word' id='word_1_299' title='bbox 1050 3775 1459 3834; x_wconf 89' lang='lat' dir='ltr'>crediderunt.</span> <span class='ocrx_word' id='word_1_300' title='bbox 1578 3773 1966 3847; x_wconf 84' lang='lat' dir='ltr'>Catuvolcus,</span> <span class='ocrx_word' id='word_1_301' title='bbox 2035 3792 2146 3830; x_wconf 89' lang='lat' dir='ltr'>rex</span> <span class='ocrx_word' id='word_1_302' title='bbox 2199 3767 2463 3826; x_wconf 75' lang='lat' dir='ltr'>dimidiae</span> 
     </span>
     <span class='ocr_line' id='line_1_41' title="bbox 454 3851 2461 3935; baseline -0.003 -19"><span class='ocrx_word' id='word_1_303' title='bbox 454 3857 645 3934; x_wconf 86' lang='lat' dir='ltr'>partis</span> <span class='ocrx_word' id='word_1_304' title='bbox 668 3858 1041 3934; x_wconf 87' lang='lat' dir='ltr'>Eburonum,</span> <span class='ocrx_word' id='word_1_305' title='bbox 1090 3861 1193 3935; x_wconf 90' lang='lat' dir='ltr'>qui</span> <span class='ocrx_word' id='word_1_306' title='bbox 1243 3881 1366 3920; x_wconf 88' lang='lat' dir='ltr'>una</span> <span class='ocrx_word' id='word_1_307' title='bbox 1410 3881 1548 3920; x_wconf 89' lang='lat' dir='ltr'>cum</span> <span class='ocrx_word' id='word_1_308' title='bbox 1569 3859 1925 3935; x_wconf 87' lang='lat' dir='ltr'>Ambiorige</span> <span class='ocrx_word' id='word_1_309' title='bbox 1950 3855 2269 3917; x_wconf 90' lang='lat' dir='ltr'>consilium</span> <span class='ocrx_word' id='word_1_310' title='bbox 2311 3851 2461 3911; x_wconf 85' lang='lat' dir='ltr'>inie-</span> 
     </span>
     <span class='ocr_line' id='line_1_42' title="bbox 443 3938 2467 4022; baseline -0.003 -21"><span class='ocrx_word' id='word_1_311' title='bbox 443 3949 571 4018; x_wconf 76' lang='lat' dir='ltr'>rat,</span> <span class='ocrx_word' id='word_1_312' title='bbox 635 3950 817 4003; x_wconf 82' lang='lat' dir='ltr'>aetate</span> <span class='ocrx_word' id='word_1_313' title='bbox 855 3943 989 4020; x_wconf 80' lang='lat' dir='ltr'>jam</span> <span class='ocrx_word' id='word_1_314' title='bbox 1045 3944 1400 4022; x_wconf 88' lang='lat' dir='ltr'>confectus,</span> <span class='ocrx_word' id='word_1_315' title='bbox 1460 3966 1649 4022; x_wconf 91' lang='lat' dir='ltr'>quum</span> <span class='ocrx_word' id='word_1_316' title='bbox 1706 3945 1978 4003; x_wconf 87' lang='lat' dir='ltr'>laborem</span> <span class='ocrx_word' id='word_1_317' title='bbox 2022 3947 2129 4000; x_wconf 90' lang='lat' dir='ltr'>aut</span> <span class='ocrx_word' id='word_1_318' title='bbox 2168 3938 2316 3998; x_wconf 88' lang='lat' dir='ltr'>belli</span> <span class='ocrx_word' id='word_1_319' title='bbox 2361 3943 2467 3996; x_wconf 86' lang='lat' dir='ltr'>aut</span> 
     </span>
     <span class='ocr_line' id='line_1_43' title="bbox 458 4023 2464 4110; baseline -0 -26"><span class='ocrx_word' id='word_1_320' title='bbox 458 4025 622 4106; x_wconf 81' lang='lat' dir='ltr'>fugoe</span> <span class='ocrx_word' id='word_1_321' title='bbox 668 4027 831 4089; x_wconf 89' lang='lat' dir='ltr'>ferre</span> <span class='ocrx_word' id='word_1_322' title='bbox 874 4049 996 4089; x_wconf 91' lang='lat' dir='ltr'>non</span> <span class='ocrx_word' id='word_1_323' title='bbox 1038 4038 1269 4110; x_wconf 87' lang='lat' dir='ltr'>posset,</span> <span class='ocrx_word' id='word_1_324' title='bbox 1319 4031 1598 4092; x_wconf 89' lang='lat' dir='ltr'>omnibus</span> <span class='ocrx_word' id='word_1_325' title='bbox 1631 4029 1917 4109; x_wconf 84' lang='lat' dir='ltr'>precibus</span> <span class='ocrx_word' id='word_1_326' title='bbox 1954 4026 2297 4104; x_wconf 86' lang='lat' dir='ltr'>detestatus</span> <span class='ocrx_word' id='word_1_327' title='bbox 2319 4023 2464 4083; x_wconf 84' lang='lat' dir='ltr'>Am-</span> 
     </span>
    </p>
   </div>
  </div>
 </body>
</html>
