2967 4609
576 344 697 400 amaa
720 345 802 400 vm.
1137 357 1195 417 171
1258 333 1259 336 ‘
1349 407 1355 414 ,

197 560 252 600 nes
275 541 307 600 iu
329 548 526 619 conspectum
547 541 680 600 hostium
702 541 836 600 veniunt.
882 541 1001 613 Quibus
1029 544 1106 604 visis
1128 565 1197 624 per·
1289 614 1290 617 Ἴ
1324 561 1327 590 ³
1428 531 1459 630 l

199 627 293 686 culsae
309 627 508 686 barbarorum
524 634 632 686 turmae
652 647 687 686 ac
705 627 867 704 perterrita
879 629 961 687 acies
973 629 1116 706 hostium,
1128 651 1197 710 per-

198 713 320 773 turbato
339 712 623 790 impedimentorum
640 713 768 790 agmine,
791 733 900 790 magno
924 714 1056 774 clamore
1079 715 1209 782 dison,
1265 701 1277 770 ,⁵
1414 695 1466 770 f

198 818 296 874 suque
317 799 431 876 passim
452 797 535 876 fugae
558 817 592 858 se
614 796 768 858 mandant.
809 798 853 858 At
874 799 972 859 nostri
994 801 1122 876 equites,
1146 805 1198 878 qui
1306 821 1310 866 j
1351 859 1362 864 ,Ἴ

198 885 290 962 paulo
330 891 400 944 ante
434 903 503 944 cum
529 884 744 944 resistentibus
784 881 951 944 fortissime
988 885 1197 964 conflixerant,
1283 893 1292 954 J
1334 921 1344 976 3
1445 883 1466 926 *l

197 971 305 1030 laetitia
326 971 462 1032 victoriae
490 969 576 1044 elati,
606 989 716 1046 magno
746 968 879 1045 undique
913 971 1044 1032 clamore
1074 974 1196 1034 sublato

198 1055 377 1116 cedentibus
400 1054 586 1131 circumfusi,
609 1062 756 1132 quantum
779 1074 925 1130 equorum
955 1057 1036 1118 vires
1066 1058 1106 1118 ad
1127 1079 1197 1138 per·

198 1141 385 1216 sequendum
407 1141 584 1217 dextraeque
607 1141 647 1200 ad
669 1140 847 1200 cadendum
869 1142 982 1218 valent,
1012 1149 1131 1204 tantum
1162 1165 1197 1205 eo
1268 1147 1271 1152 ⁴
1329 1183 1331 1188 s
1347 1115 1368 1176 ’ἶ
1426 1151 1448 1184 ι

196 1227 304 1305 proelio
336 1226 530 1287 interficiunt.
586 1227 696 1303 Itaque
729 1227 857 1304 amplius
890 1228 1012 1288 milibus
1049 1229 1118 1290 XII
1147 1240 1199 1291 aut

198 1319 381 1372 armatorum
402 1319 456 1372 aut
478 1333 590 1388 eorum,
615 1313 667 1389 qui
687 1313 796 1372 timore
819 1331 903 1372 arma
927 1313 1130 1392 projecerant,
1153 1317 1198 1376 in-
1231 1342 1232 1348 *
1319 1347 1320 1352 κ

196 1397 336 1458 terfectis
358 1399 455 1458 omnis
476 1399 638 1459 multitudo
662 1399 782 1475 capitur
803 1398 1095 1477 impedimentorum.

282 1484 389 1543 XXX.
441 1485 509 1557 Qua
540 1504 578 1545 ex
603 1483 679 1561 fuga
707 1503 800 1559 quum
829 1493 984 1546 constaret
1010 1487 1199 1566 Drappetem
1272 1513 1278 1568 j
1317 1495 1324 1542 s

198 1569 348 1630 Senonem
381 1569 454 1646 (qui,
487 1577 523 1629 ut
554 1571 685 1648 primum
718 1569 875 1630 defecerat
910 1571 1026 1649 Gallia,
1061 1574 1197 1634 collectis
1401 1619 1403 1630 ,
1444 1571 1446 1574 ’

196 1655 330 1731 undique
352 1656 481 1734 perditis
503 1656 687 1731 hominibus,
710 1655 808 1715 servis
832 1655 1054 1742 adlibertatem
1067 1661 1208 1735 vocatis

198 1741 338 1801 extalibus
366 1742 498 1801 omnium
526 1742 681 1802 civitatum
718 1741 838 1816 ascitis,
867 1744 1000 1822 receptis
1028 1744 1198 1806 latronibus

196 1827 411 1906 impedimenta
455 1836 486 1887 et
525 1834 711 1889 commeatus
743 1825 950 1887 Romanorum
982 1829 1197 1909 interceperat)
1346 1809 1347 1814 ἵ
1365 1897 1388 1914 ,7

195 1933 256 1971 non
278 1913 407 1991 amplius
429 1913 583 1975 homiuum
604 1913 727 1972 milibus
756 1932 794 1972 ex
815 1911 890 1990 fuge
911 1914 941 1974 V
971 1915 1106 1975 collectis
1128 1936 1198 1995 pro-

197 1999 328 2058 vinciam
348 2007 454 2076 petere
476 2019 596 2075 unaque
620 1998 779 2058 consilium
801 2019 870 2057 cum
892 2019 928 2058 eo
950 2001 1128 2060 Lucterium
1141 2001 1199 2061 Ca·
1243 2053 1244 2056 ,

198 2084 325 2144 durcum
365 2085 485 2163 cepisse
526 2084 629 2161 (quem
662 2085 818 2162 superiore
853 2087 1067 2148 commentario
1100 2088 1199 2166 prima
1263 2139 1264 2142 ,
1393 2107 1401 2118 ”
1424 2053 1453 2080 'v

196 2169 367 2231 defectione
380 2171 489 2230 Galliae
511 2171 615 2231 facere
636 2172 669 2230 in
690 2170 879 2249 provinciam
900 2171 1036 2232 voluisse
1053 2173 1199 2252 impetum
1306 2199 1321 2222 ν
1371 2229 1372 2232 ,
1410 2239 1466 2264 ¹

198 2256 352 2332 cognitum
380 2256 455 2332 est),
484 2256 629 2317 Caninius
656 2257 779 2334 legatus
808 2277 877 2316 cum
906 2257 1078 2335 legionibus
1100 2259 1136 2318 II
1159 2259 1199 2319 ad
1314 2315 1315 2318 ,
1380 2291 1381 2294 =
1406 2297 1415 2318 a
1433 2255 1466 2326 ,ll

198 2361 251 2400 eos
278 2343 508 2419 persequendos
537 2343 703 2417 contendit,
736 2361 775 2401 ne
804 2342 985 2402 detrimento
1015 2351 1067 2402 aut
1089 2345 1197 2404 timore

191 2427 362 2504 ¹prouinciae
385 2448 497 2506 magua
515 2427 641 2506 infamio
657 2427 846 2505 perditorum
865 2429 1018 2488 hominum
1030 2429 1196 2490 latrociniis
1248 2453 1250 2512 j

195 2520 404 2658 caperlellllrllI.
451 2598 488 2659 G.
512 2599 627 2659 Fabius
650 2619 718 2658 cum
740 2599 857 2674 reliquo
881 2600 1016 2658 exercitu
1037 2600 1070 2660 iu
1082 2599 1196 2660 Carnu-

193 2692 242 2743 tes
265 2693 444 2760 ceterasque
466 2685 670 2763 proficiscitur
693 2683 844 2760 civitates,
868 2681 996 2760 quarum
1018 2705 1053 2745 eo
1075 2683 1194 2764 proelio,

1340 2757 1341 2760 ,
1425 2741 1436 2760 ᾖ,
1458 2731 1466 2762 ,ἵ

195 2770 368 2845 quodcum
389 2771 548 2831 Dumnaco
571 2770 697 2846 fecerat,
722 2771 826 2848 copias
846 2767 914 2830 e'sse
931 2773 1206 2847 accisassciebatr
1284 2823 1286 2826 .
1431 2759 1466 2794 ¹

195 2875 258 2914 non
280 2857 360 2914 enim
381 2856 551 2931 dubitabat,
575 2857 647 2932 quin
668 2857 785 2916 recenti
813 2858 985 2918 calamitate
1012 2859 1196 2918 summissio-

92 2970 96 2972 ἡ
194 2960 245 3000 res
266 2950 372 3001 esseut
393 2941 516 3019 futurae,
539 2943 610 3002 dato
633 2963 706 3002 vero
729 2943 830 3020 spatio
854 2964 888 3004 ac
918 2951 1055 3021 tempore
1089 2944 1196 3004 eodem
1284 3015 1285 3022 ἵ

193 3027 359 3104 instigante
369 3028 528 3088 Dumnaco
549 3035 677 3106 possent
699 3029 853 3089 concitari.
890 3028 957 3101 Qua
979 3030 1010 3088 in
1027 3049 1060 3090 re
1081 3049 1197 3090 summa

152 3182 154 3189 Ι
194 3112 327 3172 felicitas
356 3115 558 3190 celeritasque
586 3114 617 3173 in
648 3114 832 3192 recipiendis
862 3114 1037 3176 civitatibus
1065 3114 1196 3176 Fabium
1301 3189 1303 3192 Ι
1341 3099 1342 3102 “
1418 3103 1421 3110 ’
1465 3087 1466 3114 ¹

195 3199 400 3275 consequitur.
444 3200 525 3260 Nam
547 3199 707 3276 Carnutes,
731 3200 783 3276 qui
806 3219 888 3279 saepe
910 3201 1013 3261 vexati
1041 3220 1197 3276 nunquam

194 3284 281 3362 pacis
310 3283 449 3345 fecerant
476 3286 672 3361 mentionem,
708 3285 789 3346 datis
824 3286 982 3346 obsidibus
1010 3286 1137 3346 veniunt
1164 3287 1197 3346 in

195 3369 388 3446 deditionem,
412 3378 593 3448 ceteraeque
605 3373 755 3447 civitates,
778 3373 886 3450 positae
908 3373 940 3430 in
959 3371 1074 3430 ultimis
1086 3372 1195 3432 Calliae

116 3485 121 3489 ·
194 3453 315 3532 finibus,
339 3455 461 3516 Oceano
485 3456 671 3535 conjunctae,
700 3477 769 3533 quae
793 3457 961 3517 Armoricae
990 3457 1195 3536 appellantur,

196 3543 376 3602 auctoritate
404 3542 546 3603 adductae
569 3542 736 3602 Carnutum
758 3542 891 3604 adventu
912 3543 1001 3602 Fabii
1028 3543 1195 3622 legionum-

196 3646 255 3701 que
276 3627 426 3706 imperata
454 3629 524 3688 sine
543 3649 628 3688 mora
656 3627 783 3688 faciunt.
833 3627 1012 3688 Dumnacus
1042 3630 1106 3688 suis
1128 3627 1195 3688 fini-

195 3712 254 3771 bus
277 3712 432 3792 expulsns,
456 3733 561 3774 errans
583 3715 769 3790 latitansque
797 3715 879 3774 solus
908 3721 1058 3784 extremas
1087 3713 1195 3774 Gallia

195 3797 337 3874 regiones
358 3806 464 3878 petere
487 3808 535 3860 est
558 3807 693 3860 coactus.

280 3884 423 3944 ΧΧΧΠ.
456 3886 500 3946 At
510 3885 652 3964 Drappes
674 3905 795 3961 unaque
806 3885 968 3946 Lucterius
985 3905 1079 3960 quum
1101 3885 1195 3962 legio-

195 3988 251 4028 nes
262 3968 480 4047 Caniniumque
503 3970 612 4031 adesse
635 3984 855 4049 cognoscerent
876 3991 933 4030 nec
961 3989 995 4030 se
1024 3971 1090 4029 siue
1113 3977 1206 4030 certa

193 4056 329 4132 pernicie
356 4064 559 4134 persequente
589 4057 726 4116 exercitu
753 4062 898 4135 putarent
923 4056 1090 4134 provincia
1118 4055 1195 4116 fines

193 4141 309 4200 intrare
335 4161 428 4220 posse
454 4161 511 4202 nec
535 4142 602 4219 jam
629 4142 724 4201 libere
754 4141 886 4219 vagandi
907 4141 1194 4219 latrociniorumque
1275 4215 1276 4219 Ἰ
1301 4163 1302 4166 ’
