2967 4609
278 363 340 418 140
591 352 644 404 DE
662 349 789 404 BELLO
809 349 986 406 GALLIOO.

277 569 336 624 que
358 569 419 606 una
434 568 559 611 ,murum
588 546 804 621 ascenderant,
834 545 1030 606 circumventi
1061 552 1152 621 atque
1182 545 1274 603 inter-

276 633 351 693 fecti
373 633 411 693 de
435 654 521 692 muro
554 633 835 711 praecipitabantur.
881 631 923 690 M.
947 631 1109 690 Petronius
1137 629 1275 706 ejusdem

277 720 405 797 legionis
428 719 578 792 centurio,
609 738 701 794 quum
729 724 834 795 portas
863 717 1002 776 excidere
1031 723 1158 776 conatus
1182 725 1274 792 esset,

277 827 296 864 a
316 805 510 864 multitudine
532 823 699 882 oppressus
717 823 753 862 ac
773 803 831 862 sibi
844 803 1011 880 desperans
1021 802 1125 861 multis
1134 801 1199 878 jam
1210 803 1275 862 vul-

276 892 401 950 neribus
434 891 579 967 acceptis,
613 889 855 966 manipularibus
889 889 962 963 suis,
998 889 1051 964 qui
1071 888 1156 946 illum
1179 889 1276 947 secuti

277 984 378 1036 erant:
403 977 561 1050 Quoniam,
584 975 692 1051 inquit,
716 995 765 1033 me
786 995 848 1033 una
876 975 1035 1034 vobiscum
1061 993 1187 1034 servare
1215 994 1276 1032 non

276 1082 410 1140 possum,
434 1071 546 1123 vestrae
570 1061 692 1137 quidem
715 1067 799 1119 certe
822 1061 893 1120 vitae
916 1059 1110 1138 prospiciam,
1134 1079 1211 1135 quos
1224 1080 1275 1118 cu-

276 1148 404 1227 piditate
437 1142 541 1224 gloriae
576 1146 727 1205 adductus
761 1147 793 1204 in
826 1146 993 1224 periculum
1033 1145 1153 1204 deduxi.
1210 1145 1275 1204 Vos

277 1234 349 1292 data
370 1233 517 1292 facultate
539 1233 627 1292 vobis
651 1232 807 1291 consulite.
854 1230 949 1290 Simul
970 1233 1002 1290 in
1023 1230 1140 1290 medios
1169 1232 1275 1290 hostes

275 1320 386 1397 irrupit
419 1319 598 1394 duobusque
630 1317 801 1376 interfectis
829 1317 965 1394 reliquos
994 1337 1011 1376 a
1041 1324 1130 1395 porta
1151 1317 1275 1395 paulum

277 1405 449 1464 summovit.
496 1403 684 1462 Conantibus
725 1403 864 1462 auxiliari
897 1403 977 1462 suis:
1011 1403 1140 1461 I'mstra
1167 1403 1274 1478 inquit,

277 1509 353 1548 meae
376 1490 448 1550 vitae
469 1490 631 1550 subvenire
655 1489 813 1564 conamini,
837 1508 927 1564 quem
945 1487 1011 1565 jam
1033 1488 1158 1566 sanguis
1179 1489 1276 1548 vires-

278 1595 336 1652 que
358 1574 512 1634 deficiunt.
556 1575 688 1633 Proinde
711 1575 801 1649 abite,
827 1574 898 1632 dum
920 1582 968 1633 est
990 1572 1133 1648 facultas,
1156 1593 1273 1648 vosque

278 1661 317 1720 ad
338 1661 489 1739 legionem
509 1661 645 1738 recipite.
701 1662 752 1719 Ita
784 1680 924 1738 pugnans
952 1668 1024 1738 post
1057 1659 1180 1738 paulum
1204 1680 1273 1718 con·
1335 1667 1338 1673 '

278 1747 352 1807 cidit
374 1768 410 1806 ac
433 1748 498 1806 suis
520 1747 613 1806 saluti
634 1746 702 1804 fuit.

362 1834 416 1892 LI.
461 1833 568 1892 Nostri
590 1853 682 1907 quum
703 1831 837 1908 undique
848 1839 1067 1910 premerentur,
1079 1832 1187 1891 XLVI
1207 1851 1275 1890 cen-

276 1919 445 1977 turionibus
468 1919 589 1978 amissis
612 1918 724 1995 dejecti
753 1925 825 1976 sunt
856 1918 938 1990 loco;
974 1917 1029 1977 sed
1062 1917 1274 1976 intolerantius

278 2004 385 2063 Gallos
407 2005 602 2079 insequentes
624 2005 704 2081 legio
726 2004 768 2062 X.
793 2003 935 2078 tardavit,
960 2023 1027 2079 quae
1055 2024 1110 2081 pro
1140 2002 1276 2062 subsidio

276 2089 368 2167 paulo
391 2090 523 2165 aequiore
545 2090 612 2148 loco
636 2091 824 2148 constiterat.
869 2089 958 2148 Hanc
986 2109 1092 2148 rursus
1114 2089 1210 2148 XIII.
1233 2089 1275 2147 le—

276 2175 376 2252 gionis
399 2175 539 2234 cohortes
570 2182 769 2252 excepenmt,
803 2193 871 2250 quae
906 2195 944 2233 ex
972 2175 1082 2233 castris
1110 2175 1277 2234 minoribus

278 2260 397 2320 eductae
420 2281 489 2320 cnm
516 2261 550 2318 Τ.
576 2260 678 2319 Sextio
706 2252 809 2342 legato
840 2267 986 2338 ceperant
1012 2261 1111 2319 locum
1140 2260 1274 2339 superio-

276 2367 350 2405 rem.
396 2347 548 2423 Legiones
570 2347 622 2405 ubi
644 2346 774 2424 primum
795 2346 952 2425 planitiem
981 2347 1162 2424 attigerunt,
1197 2345 1275 2404 infe-

277 2433 334 2491 stis
357 2439 463 2490 contra
484 2433 588 2491 hostes
612 2432 707 2509 signis
730 2432 941 2494 constiterunt.
983 2432 1215 2508 Vercingetorix
1237 2433 1275 2490 ab

277 2517 433 2577 radicibus
456 2519 542 2576 collis
565 2539 638 2578 suos
660 2519 741 2577 intra
763 2518 947 2577 munitiones
974 2517 1104 2577 reduxit.
1157 2519 1203 2576 Eo
1227 2517 1277 2576 die

277 2604 389 2662 milites
412 2611 484 2662 sunt
504 2605 595 2681 paulo
619 2604 718 2662 minus
740 2602 823 2662 Duo
846 2603 1020 2662 desiderati.

364 2689 437 2748 LII.
482 2690 610 2749 Postero
633 2689 682 2748 die
695 2689 800 2748 Caesar
823 2689 962 2748 contione
985 2689 1135 2749 advocata
1156 2690 1275 2748 temeri-

277 2781 371 2833 tatem
382 2767 647 2852 {cupiditatemque
666 2775 793 2836 militum
812 2774 1021 2853 reprehendit,
1042 2774 1124 2850 quod
1142 2775 1277 2852 sibiipsi

275 2859 509 2936 judicavissent,
533 2880 592 2935 quo
614 2860 842 2938 procedendum
869 2867 922 2919 aut
951 2860 1024 2936 quid
1052 2861 1204 2938 agendum
1232 2861 1277 2920 vi-

279 2946 411 3019 deretur,
434 2965 533 3020 neque
562 2946 649 3021 signo
678 2945 844 3024 recipiendi
872 2946 943 3005 dato
972 2947 1191 3022 constitissent,
1224 2966 1277 3006 ne-

280 3051 339 3107 que
362 3032 400 3090 ab
429 3031 559 3090 tribunis
592 3032 721 3090 militum
749 3031 919 3108 legatisque
948 3032 1073 3092 retineri
1095 3033 1277 3110 potuissent,

279 3118 426 3195 exposito,
450 3117 523 3192 quid
544 3117 687 3193 iniquitas
709 3117 768 3176 loci
790 3125 910 3195 posset,
942 3118 1014 3192 quid
1038 3119 1111 3200 ¹ipse
1134 3118 1173 3177 ad
1195 3118 1277 3178 Ava-

279 3204 375 3262 ricum
398 3203 558 3278 sensisset,
582 3223 675 3278 quum
703 3203 769 3262 sine
799 3203 875 3264 duce
904 3211 935 3262 et
963 3204 1029 3262 sine
1059 3205 1196 3280 equitatu
1226 3204 1278 3262 de-

279 3289 439 3366 prehensis
472 3289 612 3348 hostibus
646 3290 834 3367 exploratam
855 3289 1014 3349 victoriam
1042 3289 1216 3365 dimisisset,
1239 3309 1279 3348 ne

280 3395 408 3452 parvum
430 3375 519 3433 modo
542 3374 759 3433 detrimentum
781 3375 812 3433 in
842 3375 1035 3434 contentione
1067 3383 1193 3454 propter
1223 3375 1279 3433 ini-

282 3461 428 3535 quitatem
460 3461 520 3518 loci
553 3460 714 3520 accideret.
772 3459 893 3532 Quanto
928 3479 1018 3537 opere
1052 3480 1156 3520 eorum
1187 3461 1279 3520 animi

279 3545 518 3621 magnitudinem
546 3546 763 3621 admiraretur,
794 3566 870 3621 quos
899 3565 960 3604 non
988 3553 1155 3606 castrorum
1182 3546 1279 3606 muni-

279 3631 388 3705 tiones,
411 3650 473 3688 non
495 3631 622 3690 altitudo
645 3633 767 3707 montis,
790 3652 852 3692 non
884 3651 988 3690 murus
1022 3632 1125 3710 oppidi
1158 3632 1280 3692 tardare

280 3716 441 3794 potuisset,
469 3724 558 3775 tanto
589 3737 680 3795 opere
710 3718 863 3776 licentiam
892 3718 1155 3794 arrogantiamque
1176 3737 1279 3796 repre-

280 3801 422 3877 hendere,
457 3802 538 3877 quod
570 3803 640 3879 plus
674 3822 707 3862 se
741 3823 832 3878 quam
855 3803 1068 3881 imperatorem
1091 3803 1129 3863 de
1151 3803 1281 3864 victoria

281 3893 372 3963 atque
395 3888 477 3946 exitu
499 3907 601 3945 rerum
624 3888 738 3946 sentire
768 3889 990 3964 existimarent,
1026 3909 1082 3948 nec
1115 3890 1216 3948 minus
1245 3909 1280 3948 se

281 3973 319 4030 ab
342 3972 437 4031 milite
458 3972 640 4032 modestiam
663 3982 693 4031 et
715 3973 932 4033 continentiam
954 3994 1044 4049 quam
1067 3975 1212 4035 virtutem
1235 3984 1280 4033 at·

282 4075 341 4129 que
363 4057 455 4115 animi
476 4058 713 4134 magnitudinem
736 4058 920 4118 desiderare.
