2967 4609
610 1108 771 1189 LIBllB
800 1107 850 1190 11.

215 1258 325 1373 Quum
354 1322 438 1375 esset
462 1314 566 1375 Caesar
593 1316 625 1374 in
654 1315 793 1375 citeriore
817 1315 927 1376 Gallia·
947 1314 988 1388 [in
1008 1316 1165 1393 hibernisl,
1200 1320 1244 1378 ita

213 1403 258 1462 uti
291 1420 383 1477 supra
416 1401 700 1477 demonstravimus,
737 1402 836 1461 crebri
870 1402 909 1461 ad
937 1423 1005 1461 eum
1034 1424 1170 1463 rumores
1199 1405 1243 1463 af·

214 1487 388 1547 ferebantur
421 1487 591 1563 litterisque
625 1488 698 1547 item
727 1487 855 1546 Labieni
884 1489 995 1547 certior
1025 1487 1119 1549 fiebat
1139 1510 1243 1549 omnes

216 1574 343 1650 Belgae,
384 1592 475 1647 quam
507 1574 629 1633 tertiam
664 1593 732 1633 esse
767 1573 875 1633 Galliae
909 1581 1028 1652 partem
1061 1575 1243 1651 dixeramus,

215 1665 318 1719 contra
354 1659 500 1737 populum
532 1660 703 1717 Romanum
743 1659 903 1735 conjurare
943 1660 1127 1736 obsidesque
1166 1663 1245 1721 inter

214 1766 246 1805 se
280 1744 368 1819 dare;
410 1744 588 1821 conjurandi
620 1745 676 1803 has
712 1765 782 1803 esse
816 1764 941 1804 causas:
983 1746 1128 1823 primum,
1163 1748 1245 1823 quod

213 1836 403 1907 vererentur,
444 1850 483 1889 ne
522 1831 602 1889 omni
640 1838 751 1908 pacata
785 1831 884 1890 Gallia
922 1828 962 1889 ad
1002 1852 1054 1890 eos
1092 1833 1244 1891 exercitus

213 1923 316 1976 noster
350 1916 566 1991 adduceretur3
607 1916 732 1992 deinde,
774 1917 855 1993 quod
888 1918 926 1975 ab
960 1917 1112 1977 nonnullis
1147 1918 1244 1977 Gallis

216 2002 460 2076 sollicitarentur,
490 2003 600 2079 partim
624 2004 684 2077 qui,
718 2010 753 2061 ut
775 2003 944 2062 Germanos
972 2003 1086 2062 diutius
1112 2003 1145 2061 in
1173 2004 1244 2063 Gal-

213 2090 254 2147 lia
281 2088 397 2147 versari
424 2088 593 2163 noluerant,
627 2089 671 2146 ita
697 2089 802 2166 populi
829 2089 959 2148 Romani
987 2090 1152 2148 exercitum
1182 2091 1244 2149 hie-

212 2194 294 2233 mare
334 2180 424 2249 atque
463 2174 687 2233 inveterascere
726 2176 758 2233 in
792 2174 894 2233 Gallia
925 2175 1052 2234 moleste
1086 2175 1243 2247 ferebant,

212 2260 322 2339 partim
355 2260 407 2335 qui
439 2260 607 2319 mobilitate
641 2268 672 2319 et
703 2261 828 2321 levitate
863 2261 954 2319 animi
987 2261 1075 2321 novis
1108 2262 1244 2339 imperiis

213 2345 392 2420 studebant3
428 2347 465 2404 ab
494 2347 646 2405 nonnullis
678 2348 777 2421 etiarn,
809 2346 891 2422 quod
918 2347 950 2404 in
974 2346 1073 2405 Gallia
1096 2368 1114 2406 a
1135 2355 1242 2424 poten-

212 2432 338 2493 tioribus
372 2438 463 2507 atque
496 2432 544 2507 iis,
580 2433 631 2507 qui
664 2432 704 2491 ad
732 2431 945 2491 conducendos
979 2432 1116 2491 homines
1149 2432 1243 2491 facul-

212 2525 291 2577 tates
324 2519 495 2593 habebant,
537 2518 629 2594 vulgo
662 2538 757 2594 regna
790 2518 1026 2596 occupabantur,
1062 2518 1113 2592 qui
1144 2518 1244 2577 minus

213 2602 303 2663 facile
326 2625 393 2663 eam
414 2624 478 2663 rem
500 2604 679 2681 inimperio
701 2610 806 2662 nostro
830 2603 975 2678 consequi
996 2609 1147 2680 poterant.

296 2690 341 2749 H.
386 2689 444 2775 His
478 2690 592 2749 nuntiis
625 2689 796 2765 litterisque
830 2695 997 2748 commotus
1027 2687 1131 2748 Caesar
1167 2688 1243 2748 duas

214 2776 348 2853 legiones
387 2776 418 2834 in
452 2776 591 2835 citeriore
627 2775 727 2834 Gallia
761 2794 857 2835 novas
891 2775 1075 2853 conscripsit
1108 2782 1138 2833 et
1169 2776 1245 2834 inita

212 2868 329 2937 aestate,
359 2862 390 2920 in
417 2862 593 2920 interiorem
616 2860 748 2921 Galliam
775 2862 826 2937 qui
848 2861 1022 2935 deduceret,
1059 2860 1095 2931 Q.
1118 2861 1245 2920 Pedium

212 2947 346 3023 legatum
378 2947 470 3006 misit.
525 2948 609 3025 Ipse,
645 2968 737 3023 quum
770 2946 900 3025 primum
927 2946 1032 3024 pabuli
1061 2948 1149 3024 copia
1177 2967 1246 3006 esse

211 3033 367 3110 inciperet,
403 3033 442 3092 ad
470 3034 635 3092 exercitum
670 3034 768 3107 venit,
804 3032 857 3091 dat
888 3034 1045 3109 negotium
1075 3032 1245 3091 Senonibus

211 3118 396 3195 reliquisque
421 3118 528 3195 Gallis,
565 3119 615 3194 qui
637 3117 757 3177 finitimi
777 3118 884 3194 Belgis
907 3125 1003 3193 erant,
1032 3118 1077 3175 uti
1100 3137 1145 3192 ea,
1176 3138 1244 3192 quae

213 3204 295 3281 apud
324 3224 375 3265 eos
403 3211 557 3282 gerantur,
593 3210 780 3281 cognoscant
807 3223 901 3279 seque
932 3203 970 3262 de
998 3204 1036 3261 iis
1064 3204 1156 3261 rebus
1180 3223 1243 3261 cer-

212 3290 320 3349 tiorem
369 3290 492 3349 iaciant.
565 3291 607 3349 Hi
657 3295 832 3349 constanter
876 3309 980 3348 omnes
1031 3288 1246 3348 nuntiavenmt

211 3395 318 3435 manus
353 3377 430 3454 cogi,
466 3376 631 3435 exercitum
664 3376 696 3433 in
728 3395 822 3433 unum
849 3375 950 3433 locum
979 3373 1115 3433 conduci.
1167 3374 1244 3432 Tum

210 3481 284 3521 vero
318 3461 517 3521 dubitandum
549 3483 609 3521 non
643 3460 837 3535 existimavit,
871 3461 944 3536 quin
978 3459 1017 3518 ad
1046 3478 1098 3518 eos
1125 3458 1244 3537 profici·

211 3554 357 3606 sceretur.
413 3547 461 3606 Be
490 3547 686 3607 frumentaria
715 3553 891 3623 comparata
920 3552 1021 3605 castra
1050 3553 1153 3606 movet
1182 3546 1244 3603 die-

212 3633 330 3709 busque
353 3632 474 3692 circiter
497 3632 668 3710 quindecim
690 3631 828 3691 adfines
850 3632 1018 3709 Belgarum
1039 3631 1188 3709 pervenit.

295 3719 359 3777 ΙΠ.
415 3719 462 3777 Eo
491 3739 584 3794 quum
615 3718 652 3777 de
674 3718 839 3795 improviso
864 3718 1055 3793 celeriusque
1079 3716 1159 3776 omni
1180 3715 1243 3793 opi-

171 3821 173 3825 ’
209 3803 299 3863 nione
331 3804 481 3879 venisset,
521 3804 626 3878 Bemi,
669 3804 721 3880 qui
760 3804 890 3881 proximi
924 3803 1031 3862 Galliae
1067 3822 1105 3860 ex
1136 3801 1243 3877 Belgis

211 3896 292 3965 sunt,
322 3890 362 3949 ad
384 3911 452 3949 eum
473 3891 592 3967 legatos
614 3890 731 3949 Iccium
754 3896 785 3948 et
805 3888 1096 3962 Andecumborium,
1129 3885 1244 3963 primos

211 3974 360 4051 civitatis,
394 3976 557 4052 miserunt,
598 3975 649 4050 qui
688 3975 824 4034 dicerent
865 3995 899 4034 se
932 3992 1047 4048 suaque
1082 3971 1182 4029 omnia
1213 3972 1245 4030 in

210 4059 302 4120 fidem
340 4069 431 4137 atque
471 4062 502 4121 in
538 4066 722 4140 potestatem
754 4061 859 4138 populi
891 4058 1023 4140 Romani
1057 4057 1243 4133 permittere,
