2967 4609
568 348 689 415 LIBER
712 350 778 406 VII·
1122 359 1182 418 157

170 551 225 604 tes
249 554 421 622 occurrunt,
444 545 480 604 fit
500 566 611 623 magna
634 546 744 605 caedes.
780 545 931 620 SeduliuS,
955 545 1018 604 dux
1041 553 1072 605 et
1093 547 1176 624 prin·
1278 579 1281 590 ·

173 651 253 709 ceps
275 631 481 708 Lemovicum,
504 632 666 706 occiditur;
690 631 996 692 Vercassivellaunus
1018 632 1180 692 Arvernus

173 716 269 777 vivus
289 717 322 775 in
342 717 419 795 fuga
441 717 722 795 comprehenditur;
753 718 841 796 signa
867 717 1009 776 militaria
1037 716 1180 777 LXXIV

174 802 219 862 ad
243 801 395 862 Gaesarem
417 802 603 877 referrmtur3
632 804 722 881 pauci
746 823 783 862 ex
810 809 895 862 tanto
924 821 1047 862 numero
1080 821 1113 862 se
1136 804 1181 862 iu·

177 887 316 948 columes
338 890 371 947 in
393 897 495 948 castra
517 890 676 968 recipiunt.
727 888 905 967 Conspicati
928 909 966 948 ex
988 887 1100 966 oppido
1124 908 1182 947 cae-

177 974 250 1032 dem
272 981 303 1032 et
324 973 430 1051 sugam
451 995 573 1034 suorum
596 975 759 1052 desperata
781 975 879 1034 salute
903 974 1007 1052 copias
1039 995 1057 1032 a
1085 975 1181 1032 muni-

177 1058 313 1118 tionibus
335 1060 493 1120 reducunt.
527 1061 578 1120 Fit
599 1059 739 1138 protinus
756 1061 813 1119 hac
830 1080 863 1118 re
881 1059 985 1119 audita
1009 1080 1047 1120 ex
1074 1060 1183 1118 castus

180 1145 339 1204 Gallorum
360 1145 444 1223 fuga.
497 1146 586 1218 Quod
613 1147 672 1205 nisi
700 1146 817 1206 crebris
847 1144 992 1204 subsidiis
1021 1165 1058 1205 ac
1086 1145 1182 1205 totius

181 1230 243 1289 diei
263 1231 367 1290 labore
389 1233 500 1292 milites
523 1239 627 1292 essent
648 1231 774 1306 defessi,
798 1251 902 1291 omnes
929 1231 1064 1289 hostium
1087 1230 1182 1309 copiae

181 1316 277 1375 deleri
308 1317 490 1394 potuissent.
540 1318 589 1378 De
622 1317 723 1377 media
755 1325 845 1378 nocte
877 1317 989 1375 missus
1023 1317 1179 1392 equitatus

180 1401 379 1462 novissimum
401 1423 510 1480 agmen
533 1404 744 1479 consequitur3
774 1423 902 1480 magnus
932 1422 1074 1462 numerus
1103 1403 1183 1480 capi-

181 1495 234 1546 tur
261 1495 353 1563 atque
380 1489 575 1562 interficitur;
603 1489 714 1564 reliqui
736 1509 774 1548 ex
802 1489 877 1566 fuga
904 1489 935 1546 in
959 1489 1099 1548 civitates
1122 1487 1183 1546 dis·

181 1573 302 1632 cedunt,

267 1658 452 1720 LXXXIX.
497 1660 625 1719 Postero
643 1660 693 1719 die
703 1660 937 1737 Vercingetorix
961 1659 1087 1719 concilio
1112 1679 1181 1718 con-

182 1751 293 1804 vocato
326 1745 359 1803 id
380 1746 494 1804 bellum
516 1765 550 1806 se
578 1747 755 1824 suscepisse
783 1766 843 1805 non
871 1763 994 1803 suerum
1016 1744 1183 1804 necessita-

180 1838 256 1905 tum,
291 1831 347 1889 sed
387 1832 554 1891 communis
598 1832 749 1892 libertatis
792 1850 884 1890 causa
917 1829 1106 1889 dcmonstrat
1144 1837 1184 1905 et,

180 1916 323 1992 quoniam
356 1918 397 1976 sit
429 1917 559 1976 fortunae
594 1918 772 1992 cedendum,
807 1917 847 1976 ad
867 1923 1026 1991 utramque
1056 1935 1119 1974 rem
1150 1935 1184 1974 se

179 2000 242 2060 illis
275 2001 396 2078 offerre,
431 2023 486 2062 seu
520 2011 617 2063 morte
651 2023 707 2063 sua
739 2003 887 2062 Romanis
919 2001 1099 2060 satisfacere
1129 2020 1194 2092 seu,

179 2088 286 2147 vivum
307 2087 429 2147 tradere
452 2089 554 2150 velint.
599 2089 764 2148 Mittuntur
786 2088 824 2147 de
846 2089 895 2146 his
917 2089 1007 2146 rebus
1031 2085 1069 2146 ad
1082 2085 1184 2146 Gaesa-

179 2193 246 2231 rem
268 2174 371 2250 legati.
415 2175 618 2254 Jubetnarma
639 2174 729 2251 tradi,
752 2174 907 2253 principes
930 2172 1065 2250 produci.
1111 2173 1184 2250 Ipse

179 2259 213 2319 in
235 2260 401 2320 munitione
422 2281 478 2338 pro
507 2262 617 2321 castris
645 2261 797 2334 coneedit,
833 2280 868 2320 eo
892 2259 985 2318 duces
1009 2258 1182 2336 producun-

179 2350 240 2402 tur.
284 2345 517 2423 Vercingetorix
539 2347 670 2422 deditur,
699 2368 783 2406 arma
810 2345 1019 2424 projiciuntur.
1069 2344 1181 2403 Reser-

179 2430 262 2489 vatis
284 2430 413 2491 Haeduis
437 2439 528 2509 atque
549 2433 713 2507 Arvernis,
744 2433 770 2490 si
802 2451 858 2509 per
887 2449 939 2490 eos
968 2430 1107 2489 civitatee
1136 2448 1183 2488 re-

181 2536 329 2594 cuperare
350 2525 466 2594 posset,
495 2538 533 2576 ex
563 2519 688 2593 reliquis
717 2517 846 2595 captivis
875 2516 933 2576 toti
961 2514 1106 2573 exercitui
1135 2534 1183 2574 ca·

179 2601 246 2679 pita
268 2602 389 2680 singula
409 2603 523 2681 praedae
546 2605 666 2663 nomine
689 2603 853 2662 distribuit.

267 2687 336 2747 XO.
379 2690 438 2749 His
460 2691 552 2750 rebus
575 2689 723 2749 confectis
746 2690 778 2748 in
800 2687 936 2747 Haeduos
970 2683 1181 2764 proficiscitur,

182 2772 339 2832 civitatem
361 2775 477 2854 recipit.
523 2777 569 2835 Eo
592 2776 686 2854 legati
698 2777 736 2834 ab
748 2774 897 2835 Arvernis
919 2771 1014 2847 missi,
1038 2790 1106 2846 quse
1129 2771 1183 2829 im-

179 2867 313 2935 peraret,
337 2879 371 2918 se
393 2860 528 2921 lecturos
550 2862 740 2940 pollicentur.
786 2861 922 2938 Imperat
954 2877 1099 2934 magnum
1129 2877 1183 2916 nu-

180 2964 299 3003 merum
321 2947 469 3006 obsidum.
515 2948 666 3026 Legiones
693 2948 726 3006 in
755 2947 883 3006 hiberna
910 2945 1018 3017 mittit3
1048 2943 1183 3020 captivo-

180 3049 251 3088 rum
273 3031 395 3091 circiter
416 3033 481 3092 XX
503 3033 587 3093 milia
614 3033 744 3093 Haeduis
772 3031 980 3106 Arvernisque
1008 3027 1123 3096 reddin
1148 3027 1182 3086 Τ.

179 3115 351 3175 Labienum
374 3118 493 3178 duabus
517 3139 585 3178 cum
607 3119 778 3196 legionibus
801 3124 832 3177 et
855 3117 992 3194 equitatu
1012 3113 1045 3171 in
1070 3113 1183 3189 Sequa·

179 3220 239 3259 nos
266 3201 416 3279 proficisci
442 3204 547 3281 jubet,
571 3206 641 3264 huic
668 3205 711 3263 M.
740 3202 951 3281 Sempronium
978 3199 1117 3258 Rutilum
1139 3206 1183 3258 at·

180 3287 302 3362 tribuit;
328 3288 365 3347 G.
388 3289 518 3349 Fabium
538 3291 674 3368 legatum
696 3297 727 3349 et
738 3291 774 3348 L.
787 3287 954 3348 Minucium
964 3284 1102 3344 Basilum
1114 3304 1183 3342 cum

179 3371 353 3449 legionibus
376 3375 495 3436 duabus
517 3377 549 3435 in
570 3377 675 3436 Remis
699 3376 838 3450 collocat,
866 3393 905 3432 ne
928 3391 1018 3448 quam
1048 3371 1086 3428 ab
1117 3368 1183 3428 fini-

182 3458 266 3517 timis
282 3459 459 3521 Bellovacis
478 3462 682 3523 calamitatem
699 3460 858 3539 accipiant.
894 3459 931 3518 G.
944 3456 1112 3517 Antistium
1123 3455 1183 3514 Re-

180 3544 287 3619 ginum
308 3545 340 3603 in
361 3546 586 3623 Ambiuaretos,
609 3549 643 3606 Τ.
668 3547 804 3606 Sextium
825 3547 857 3606 in
878 3544 1045 3620 Bituriges,
1069 3541 1106 3601 G.
1128 3539 1183 3600 Ga·

180 3629 298 3688 ninium
330 3631 473 3692 Rebilum
507 3634 538 3692 in
576 3634 715 3693 Rutenos
751 3653 819 3692 cum
853 3630 981 3707 singulis
1014 3628 1184 3706 legionibus

180 3713 284 3774 mittit.
330 3715 366 3788 Q.
390 3718 522 3777 Tullium
545 3719 719 3779 Ciceronem
742 3726 774 3778 et
794 3719 828 3777 P.
850 3716 1017 3795 Sulpicium
1036 3712 1183 3774 cavilloni

182 3806 215 3857 et
235 3800 406 3864 Matiscone
427 3805 459 3863 in
480 3805 609 3864 Haeduis
631 3805 671 3864 ad
680 3805 802 3864 Ararim
812 3804 858 3863 rei
868 3800 1073 3862 frumentariae
1092 3817 1184 3856 causa

182 3885 321 3947 collocat.
356 3889 430 3966 Ipse
441 3891 587 3950 Bibracte
609 3890 743 3950 hiemare
766 3889 932 3950 constituit.
977 3885 1035 3944 His
1053 3880 1182 3956 [litteris]

184 3973 315 4051 cognitis
336 3974 443 4035 Romae
467 3977 585 4037 dierum
605 3976 671 4036 XX
693 3976 876 4055 supplicatio
898 3970 1044 4032 redditur.
