2967 4609
1263 386 1503 440 LIBER
1540 387 1671 441 VII.
2315 400 2343 455 1
2355 399 2390 455 2
2402 399 2435 456 7

433 582 634 654 1115111111
682 580 1154 640 excruciaverat.
1243 580 1329 638 Hi
1367 580 1501 656 jam
1546 590 1685 640 ante
1730 581 1950 657 edocti,
1999 603 2135 658 quae
2182 585 2434 643 interro·

433 670 562 742 gati
610 666 1091 742 prmmntiarent,
1159 666 1385 725 milites
1451 687 1520 725 se
1588 686 1725 725 esse
1779 668 2147 744 legionarios
2195 669 2435 743 dicunt;

437 750 598 810 fame
650 765 706 810 et
754 752 956 830 inopia
999 752 1298 809 adductos
1346 752 1503 810 clam
1547 772 1622 810 ex
1668 753 1886 811 castris
1934 754 2153 830 exisse,
2202 756 2253 812 si
2289 755 2437 829 quid

433 838 730 894 frumeuti
794 845 898 895 aut
962 837 1201 934 pecoris
1269 836 1332 894 in
1378 838 1544 914 agris
1588 839 1856 915 reperire
1901 846 2184 917 possent;
2255 839 2437 898 simili

433 946 672 982 omnem
718 923 1049 981 exercitum
1090 922 1296 999 inopia
1339 923 1554 1020 premi,
1611 943 1724 982 nec
1763 923 1895 999 jam
1938 925 2103 984 vires
2149 922 2435 984 sufficere

434 1009 795 1083 cuiusquam
838 1028 951 1066 nec
995 1007 1158 1066 ferre
1204 1009 1405 1084 operis
1449 1009 1720 1067 laborem
1775 1029 1988 1086 posse;
2049 1011 2255 1085 itaque
2311 1017 2434 1068 sta-

430 1095 628 1152 tuisse
673 1093 1121 1171 imperatorem,
1188 1093 1241 1152 si
1283 1094 1433 1151 nihil
1476 1094 1538 1151 in
1579 1096 2028 1172 oppugnatione
2063 1095 2270 1174 oppidi
2291 1115 2432 1173 pro·

427 1178 702 1251 fecisset,
752 1179 953 1238 triduo
1000 1180 1332 1238 exercitum
1378 1179 1700 1238 deducere.
1771 1181 1943 1256 Haec,
1991 1182 2206 1256 inquit,
2244 1202 2280 1239 a
2317 1201 2430 1254 me,

428 1265 915 1341 Vercingetorix,
960 1264 1258 1323 beneficia
1300 1265 1572 1340 habetis,
1633 1286 1812 1340 quem
1868 1266 2230 1343 proditionis
2287 1267 2433 1325 insi·

427 1350 696 1425 mulatiS,
745 1350 923 1425 cujus
968 1370 1153 1427 opera
1198 1350 1330 1409 sine
1376 1358 1584 1410 vestro
1632 1352 1927 1428 sangvine
1982 1359 2219 1410 tantum
2263 1371 2432 1410 exer-

430 1437 619 1494 citum
663 1436 958 1495 victorem
1023 1434 1185 1495 fame
1229 1456 1405 1514 paene
1462 1444 1891 1514 consumptum
1948 1438 2191 1512 videtis,
2254 1458 2434 1513 quem

428 1522 694 1598 turpiter
759 1541 826 1580 se
894 1541 968 1580 ex
1034 1521 1149 1580 hac
1215 1521 1364 1598 fuga
1429 1522 1825 1599 recipientem
1891 1543 1968 1582 ne
2038 1544 2158 1599 qua
2217 1523 2433 1583 civitas

429 1608 564 1665 suis
607 1605 829 1665 finibus
875 1606 1148 1685 recipiat,
1197 1628 1233 1665 a
1275 1627 1373 1665 me
1416 1607 1731 1684 provisum
1777 1622 1890 1666 est.

602 1692 786 1749 XXI.
880 1690 1233 1750 Conclamat
1278 1692 1471 1751 omnis
1494 1692 1815 1751 multitudo
1863 1702 1925 1752 et
1970 1713 2079 1751 suo
2125 1714 2290 1752 more
2337 1715 2430 1752 ar—

425 1778 547 1836 mis
620 1784 946 1855 concrepat
1012 1777 1198 1852 (quod
1263 1777 1469 1836 facere
1535 1777 1598 1836 in
1664 1798 1734 1836 eo
1792 1786 2191 1853 consverunt,
2254 1779 2430 1855 cujus

430 1863 767 1922 orationem
845 1863 1206 1940 approbant)
1286 1883 1586 1922 summum
1664 1883 1800 1940 esse
1869 1863 2430 1941 Vercingetorigem

428 1948 667 2023 ducem,
733 1969 847 2007 nec
894 1948 970 2006 de
1037 1948 1171 2024 ejus
1236 1947 1358 2008 fide
1404 1949 1821 2024 dubitandum,
1891 1969 2003 2008 nec
2062 1949 2291 2026 majore
2334 1970 2429 2008 ra-

425 2034 594 2092 tione
637 2035 866 2093 bellum
932 2034 1341 2092 administrari
1406 2054 1610 2112 posse.
1724 2034 2030 2109 Statuunt,
2099 2042 2168 2093 ut
2221 2035 2431 2094 decem

426 2120 595 2178 milia
638 2120 947 2178 hominum
992 2119 1228 2178 delecta
1275 2139 1349 2178 ex
1406 2121 1686 2179 omnibus
1754 2121 1945 2198 copiis
2013 2120 2076 2178 in
2143 2120 2431 2198 oppidum

431 2206 901 2280 summittantur,
948 2225 1061 2264 nec
1108 2205 1255 2264 solis
1300 2206 1684 2283 Biturigibus
1742 2226 2117 2266 communem
2173 2207 2433 2265 salutem

432 2291 921 2350 committendam
987 2298 1257 2365 censent,
1326 2291 1491 2366 quod
1556 2312 1730 2370 paene
1784 2293 1848 2351 in
1893 2312 1982 2366 ec,
2045 2293 2097 2350 si
2153 2291 2216 2349 id
2261 2292 2430 2368 oppi-

432 2377 579 2435 dum
652 2377 1077 2451 retinuissent,
1159 2396 1455 2435 summam
1522 2377 1793 2436 victoriae
1863 2385 2143 2436 constare
2208 2376 2429 2435 intelli-

432 2464 677 2539 gebant.

603 2547 823 2605 XXII.
910 2546 1217 2623 Singulari
1251 2547 1510 2605 militum
1546 2553 1893 2605 nostr01um
1928 2547 2141 2606 virtuti
2179 2546 2433 2605 consilia.

434 2633 897 2710 cujusquemodi
943 2631 1257 2690 Gallorum
1304 2632 1724 2706 occurrebant,
1771 2639 1841 2690 ut
1886 2640 1981 2691 est
2026 2650 2276 2690 summae
2320 2651 2425 2707 ge-

432 2739 551 2777 nus
618 2717 903 2777 sollertiae
971 2724 1153 2792 atque
1222 2718 1300 2776 ad
1368 2717 1569 2776 omnia
1634 2717 1928 2776 imitanda
1985 2723 2047 2776 et
2092 2715 2428 2791 efficienda,

436 2824 570 2879 quae
618 2805 692 2862 ab
741 2823 982 2879 quoque
1024 2802 1366 2878 traduntur,
1416 2803 1817 2880 aptissimum.
1886 2802 2044 2862 Nam
2091 2809 2152 2860 et
2195 2803 2432 2877 laqueis

433 2889 627 2949 falces
673 2890 1060 2962 avertebant,
1120 2908 1272 2963 quas
1332 2908 1518 2963 quum
1572 2889 2058 2964 destinaverant,
2117 2888 2432 2947 tormentis

433 2976 735 3034 introrsus
778 2974 1173 3048 reducebant,
1222 2980 1285 3032 et
1329 2995 1616 3051 aggere-m
1651 2975 1944 3033 cuniculis
1969 2975 2428 3047 subtrahebant,

436 3081 507 3120 eo
552 3058 862 3133 scientiuS,
911 3059 1073 3134 quod
1117 3059 1280 3136 apud
1325 3079 1430 3118 eos
1476 3080 1714 3137 magnae
1765 3067 1907 3118 sunt
1942 3058 2213 3118 ferrariae
2250 3067 2431 3133 atque

435 3166 611 3205 omne
676 3165 870 3222 genus
938 3145 1355 3204 cuniculorum
1419 3152 1631 3213 notum
1698 3152 1879 3218 atque
1958 3144 2251 3203 usitatum
2318 3150 2430 3200 est.

436 3232 657 3290 'I'otum
702 3238 906 3290 autem
948 3250 1188 3287 murum
1235 3250 1309 3287 ex
1356 3230 1518 3288 omni
1559 3237 1734 3307 parte
1769 3230 2040 3287 turribus
2077 3227 2427 3286 contabula-

435 3325 651 3391 verant
717 3323 899 3391 atque
942 3317 1053 3374 has
1122 3315 1300 3374 coriis
1345 3315 1706 3373 intexerant.
1797 3315 1950 3372 Tum
1996 3314 2227 3372 crebris
2273 3313 2434 3370 diur-

434 3403 533 3461 nis
576 3402 1009 3476 nocturnisque
1056 3401 1473 3478 eruptionibus
1533 3408 1636 3459 aut
1693 3401 1901 3476 aggeri
1957 3400 2159 3476 ignem
2214 3399 2435 3457 infere-

434 3489 586 3547 bant
654 3495 761 3547 aut
825 3487 1048 3544 milites
1121 3493 1451 3563 occupatos
1518 3486 1581 3544 in
1639 3506 1821 3563 opere
1880 3484 2310 3543 adoriebantur
2378 3491 2438 3542 et

434 3582 781 3632 nostrarum
825 3572 1083 3630 turrium
1130 3571 1533 3645 altitudinem,
1560 3578 1854 3646 quantum
1897 3572 2009 3630 has
2047 3570 2436 3645 quotidianus

438 3679 626 3736 agger
706 3664 1122 3734 expresserat,
1218 3657 1558 3716 commissis
1637 3677 1884 3716 suarum
1970 3656 2226 3714 turrium
2324 3654 2436 3712 alis

437 3743 862 3819 adaequabant,
910 3749 972 3802 et
1016 3749 1265 3818 apertos
1312 3743 1623 3801 cuniculos
1680 3748 1953 3819 praeusta
2010 3747 2072 3800 et
2126 3746 2438 3818 praeacuta

435 3829 690 3888 materia
747 3835 810 3887 et
875 3828 1012 3904 pice
1080 3826 1423 3887 fervefacta
1490 3835 1553 3886 et
1618 3827 1863 3886 maximi
1928 3826 2215 3904 ponderis
2274 3824 2437 3882 saxis

436 3916 829 3973 morabantur
872 3912 1295 3988 moenibusque
1340 3914 1828 3991 appropinquare
1872 3911 2294 3988 prohibebant.

606 3999 864 4059 XXIII.
933 3999 1097 4057 Muri
1141 4005 1342 4058 autem
1389 4018 1598 4057 omnes
1645 3998 1865 4057 Gallici
1909 3996 2024 4053 hac
2071 3993 2199 4052 fere
2243 3993 2439 4052 forma

439 4093 599 4145 sunt.
689 4085 924 4143 Trabes
969 4084 1239 4158 directae,
1301 4090 1614 4160 perpetuae
1673 4083 1733 4140 in
1778 4080 2232 4156 longitudinem,
2280 4078 2437 4157 pari-
