2967 4609
243 342 304 419 110
485 309 491 316 ’
557 349 943 406 01011100110100
1036 398 1038 403 ,

240 557 303 608 tem
324 549 384 606 loci
404 547 532 621 videret,
562 554 685 623 puratos
718 566 814 623 prope
848 563 934 619 aequo
961 545 1061 604 Marto
1090 545 1129 604 ad
1156 547 1243 606 1111111-

241 634 371 694 candum
394 632 591 705 existimaret,
615 632 667 706 qui
688 631 879 706 iniquitatem
908 630 1093 690 condicionis
1124 632 1240 710 perspi·

241 726 333 792 oeret,
356 718 439 775 inani
461 717 653 776 simulatione
677 736 746 787 sese
769 723 924 776 ostentare
948 724 1155 792 cognosceret.
1189 717 1240 776 In-

242 798 403 882 dignantes
425 803 537 862 milites
560 802 673 876 Caesar,
698 802 780 878 quod
803 808 1000 878 conspectum
1023 821 1111 861 suum
1133 804 1239 862 hostes

240 889 377 968 perferre
407 896 534 966 possent
567 889 686 946 tantulo
720 888 820 965 spatio
854 887 1032 963 interjecto,
1068 895 1099 946 et
1121 888 1241 965 signum

239 974 340 1055 proelii
367 982 568 1052 exposcentes
598 973 720 1048 edocet,
751 979 864 1048 quanto
896 973 1075 1032 detrimento
1110 980 1141 1031 et
1167 981 1242 1048 quot

239 1061 374 1121 virorum
405 1059 530 1118 fortium
563 1067 660 1117 morte
688 1077 816 1118 necesse
839 1057 879 1116 sit
903 1065 1043 1117 constare
1066 1059 1239 1132 victoriam,

240 1166 316 1223 quos
339 1165 432 1221 quum
454 1146 498 1204 010
521 1146 619 1203 animo
642 1153 766 1221 paratos
778 1143 891 1217 videat,
914 1150 949 1202 ut
970 1144 1086 1201 nullum
1108 1164 1162 1221 pro
1186 1163 1242 1202 sua

211 1242 213 1245 ’
239 1232 328 1290 laude
356 1232 526 1309 periculum
554 1237 705 1303 recusent,
740 1248 865 1288 summae
901 1249 934 1287 se
967 1230 1135 1304 iniquitatis
1170 1250 1240 1288 0011-

240 1317 376 1376 demnari
409 1317 531 1390 debere,
565 1316 624 1372 11101
657 1335 760 1373 eorum
790 1315 884 1374 vitam
919 1334 974 1374 sua
1003 1315 1101 1373 salute
1129 1315 1242 1386 habeat

240 1402 396 1461 cariorem.
443 1401 493 1459 Sic
516 1401 628 1459 milites
651 1401 825 1458 consolatus
849 1400 954 1458 eodem
984 1401 1032 1458 die
1062 1401 1181 1459 reducit
1209 1400 1241 1459 in

241 1494 343 1547 castra
365 1487 550 1561 reliquaque,
586 1482 653 1562 quae
688 1485 727 1544 ad
762 1487 1019 1563 oppugnationem
1046 1486 1148 1562 oppidi
1172 1506 1240 1562 per-

240 1573 387 1646 tinebant,
411 1572 624 1630 administrare
646 1571 786 1630 instituit.

324 1658 398 1716 XX.
443 1657 677 1734 Vercingetorix
700 1677 793 1732 quum
817 1657 856 1715 ad
878 1677 950 1715 suos
973 1657 1113 1730 redisset,
1137 1656 1239 1733 prodi-

196 1748 199 1752 '
239 1743 333 1801 tionis
356 1743 557 1817 insimulatus,
582 1743 664 1818 quod
686 1751 790 1801 castra
810 1743 937 1820 propius
949 1741 1104 1800 Romanos
1127 1742 1239 1801 movis-

239 1836 296 1903 set,
320 1830 401 1904 quod
424 1849 492 1886 oum
515 1829 595 1887 omni
618 1828 754 1903 equitatu
778 1827 980 1900 discessisset,
1005 1827 1086 1902 quod
1103 1828 1168 1886 sine
1186 1828 1240 1885 im-

240 1915 326 1992 perio
350 1921 451 1973 tantas
475 1914 578 1992 copias
600 1914 785 1989 reliquisset,
810 1913 891 1988 quod
920 1913 987 1990 ejus
1017 1913 1156 1972 discessu
1178 1913 1240 1971 Ro·

237 2000 327 2059 mani.
351 2007 437 2057 tanta
470 1999 696 2076 opportunitate
728 2007 758 2057 et
792 1999 948 2058 celeritate
978 1999 1150 2058 venissent:
1180 2018 1240 2056 non

240 2086 306 2143 haec
330 2084 429 2142 omnia
451 2083 576 2142 fortuito
601 2092 653 2143 aut
677 2085 742 2143 sine
771 2083 896 2142 consilio
927 2083 1065 2142 accidere
1092 2085 1240 2161 potuisse,

240 2189 365 2245 regnum
389 2169 474 2227 illum
498 2169 606 2228 Galliae
629 2170 719 2228 1110110
742 2169 874 2228 Caesaris
898 2189 1054 2238 concessu,
1084 2190 1175 2244 quam
1196 2169 1241 2246 111-

243 2275 346 2313 sorum
379 2254 491 2314 habere
520 2254 678 2330 beneficio,
712 2256 766 2314 tali
800 2255 888 2313 modo
923 2262 1085 2314 accusatus
1114 2255 1152 2312 ad
1174 2255 1241 2312 haec

241 2340 412 2417 respondit:
437 2339 527 2410 Quod
549 2349 650 2402 000110
672 2342 833 2415 movisset,
863 2339 981 2399 factum
1007 2341 1111 2418 inopia
1138 2340 1242 2418 pabuli

242 2427 333 2484 etiam
349 2426 426 2503 ipsis
442 2427 649 2501 hortantibus,
674 2427 756 2502 quod
778 2427 905 2504 propius
921 2427 1077 2484 Romanos
1095 2425 1242 2484 accessis-

243 2518 298 2585 set,
323 2531 505 2590 persvasum
526 2512 585 2571 1001
608 2513 845 2591 opportunitate,
876 2513 928 2586 qui
957 2531 990 2570 se
1018 2512 1119 2588 ipsum
1147 2512 1243 2568 muni-
1306 2523 1309 2526 “

242 2597 324 2654 tione
347 2595 541 2671 defenderet,
572 2599 706 2673 equiturn
735 2618 808 2658 vero
839 2614 961 2674 operam
988 2617 1087 2672 neque
1116 2597 1147 2654 in
1176 2596 1244 2654 leco
1283 2669 1285 2672 Ι

241 2681 371 2758 palustri
394 2682 562 2741 desiderari
585 2683 728 2742 debuisse
759 2690 790 2742 et
822 2683 883 2740 illic
915 2682 1012 2741 fuisse
1039 2683 1158 2756 utilem,
1184 2699 1243 2756 quo
1326 2695 1330 2700 '

242 2767 305 2824 sint
326 2766 472 2844 profecti,
497 2787 644 2826 summam
665 2769 785 2846 imperii
814 2787 847 2826 se
876 2767 1013 2828 consulto
1043 2767 1117 2826 nulli
1146 2767 1243 2826 disoe-

243 2851 367 2909 dentem
389 2851 562 2927 tradidisse,
598 2874 636 2912 ne
669 2854 697 2912 is
725 2853 937 2912 multitudinis
960 2853 1060 2912 studio
1090 2852 1129 2910 ad
1156 2853 1244 2910 dimi·

244 2935 373 2994 candum
405 2937 621 3014 impelleretur,
656 2940 705 2997 cui
737 2941 784 2998 rei
815 2946 940 3016 propter
969 2939 1061 2999 animi
1088 2937 1244 2997 mollitiem

244 3022 366 3081 studere
391 3043 494 3091 omnes
517 3023 644 3098 videret,
669 3024 751 3100 quod
772 3024 887 3082 diutius
910 3025 1045 3095 laborem
1074 3023 1155 3083 ferre
1183 3043 1245 3080 non

242 3116 379 3184 possent.
425 3107 555 3167 Romani
577 3111 604 3168 si
628 3130 702 3168 casu
723 3110 952 3183 intervenerint,
976 3109 1116 3183 fortunae,
1141 3109 1168 3167 si
1191 3107 1244 3166 011-

244 3193 332 3267 cujus
354 3193 465 3252 indicio
485 3196 600 3270 vocati,
623 3196 694 3254 huic
723 3196 896 3254 habendam
924 3195 1068 3271 gratiam,
1104 3194 1185 3270 quod
1214 3201 1245 3252 et

243 3279 428 3355 paucitatem
450 3300 553 3338 eorum
576 3301 613 3339 ex
635 3281 702 3340 1000
726 3282 882 3358 superiore
914 3299 1097 3357 cognoscere
1127 3288 1157 3338 et
1185 3278 1245 3338 vir-

244 3371 340 3421 tutem
363 3364 521 3440 despicere
549 3367 713 3442 potuerint,
749 3367 799 3442 qui
831 3365 975 3424 dimicare
1003 3386 1064 3424 non
1093 3365 1160 3424 ausi
1182 3372 1245 3422 tur-

245 3448 324 3525 piter
347 3468 380 3506 se
401 3449 433 3506 in
456 3458 558 3509 castra
579 3453 759 3530 receperint.
805 3452 972 3529 Imperium
995 3471 1028 3509 se
1052 3453 1089 3509 ab
1122 3449 1246 3508 Caesare

244 3553 299 3610 per
319 3533 521 3610 proditionem
543 3537 661 3595 nullum
683 3537 866 3611 desiderare,
898 3537 979 3612 quod
1008 3537 1121 3595 habere
1151 3535 1246 3594 victo-

244 3619 289 3676 110
311 3625 426 3695 posset,
461 3640 529 3694 quae
559 3621 625 3697 jam
659 3632 742 3682 esset
771 3623 830 3682 sibi
861 3629 952 3697 atque
985 3623 1124 3680 omnibus
1149 3619 1247 3679 Gallis

245 3704 418 3781 explorata,
443 3706 516 3779 quin
539 3708 630 3766 etiam
652 3709 729 3786 ipsis
751 3709 916 3782 remittere,
941 3708 968 3766 si
991 3708 1050 3766 sibi
1072 3707 1171 3783 magis
1193 3706 1247 3764 ho-

244 3809 348 3849 norem
370 3790 514 3867 tribuere,
538 3812 629 3867 quam
652 3795 690 3851 ab
714 3813 748 3852 se
771 3795 902 3853 salutem
919 3793 1057 3869 accipere
1074 3792 1245 3852 videantur.

244 3875 321 3932 Haec
343 3882 378 3933 ut
403 3877 591 3954 intelligatis,
625 3878 733 3953 inquit,
768 3900 785 3937 0
819 3898 866 3936 me
900 3879 1019 3937 sineere
1046 3875 1247 3955 pronuntiari,

246 3959 348 4018 audite
370 3960 524 4019 Romanos
546 3963 668 4022 milites.
712 3962 859 4022 Producit
882 3982 1004 4035 servos,
1035 3982 1112 4038 quos
1139 3962 1171 4021 in
1194 3981 1247 4037 pa-

245 4042 401 4102 bulatione
423 4046 529 4120 paucis
553 4054 623 4106 ante
646 4049 753 4106 diebus
785 4056 947 4125 exceperat
976 4055 1005 4105 et
1033 4047 1114 4106 fame
1141 4047 1247 4105 vincu-
