2967 4609
243 445 245 449 ἲ
271 374 331 431 rea
584 366 637 419 uu
655 365 782 419 sumo
801 363 978 421 cenrico

269 569 319 620 tur
342 561 438 620 Gallis
461 561 594 638 suspicio
618 568 709 638 atque
732 580 836 620 omnes
858 560 909 620 illo
933 557 1198 633 [admunitionem]
1218 539 1268 618 cd·

268 648 328 726 piae
350 646 561 705 traducuntur
605 647 713 706 Vacua
735 653 837 706 castra
858 645 991 705 hostium
1014 645 1119 704 Caesar
1148 647 1266 743 conspi

270 740 366 808 catus,
389 733 480 791 tectis
500 732 672 809 insignibus
694 752 818 792 suorum
840 732 1060 807 occultatisque
1091 731 1255 809 signiam

269 818 408 877 litaribus
441 837 526 876 raros
559 818 679 890 milites
713 838 752 878 ne
786 837 823 877 ex
852 817 962 895 oppido
993 817 1268 878 animadverteren-

269 912 328 978 tur,
352 925 389 963 ex
411 903 577 979 majoribus
600 905 739 963 castris'
731 925 763 962 ιιι
785 904 902 962 minora
923 903 1064 978 traducit,
1087 903 1267 980 legatisque,

272 1009 350 1066 quos
383 990 511 1066 singuiis
544 990 715 1067 legionibus
748 989 945 1068 praefecerat,
980 989 1053 1065 quid
1085 987 1151 1048 fieri
1184 989 1268 1063 velit,

271 1075 421 1149 ostendit3
456 1075 488 1134 in
516 1076 621 1153 primis
654 1082 766 1152 monet,
800 1082 835 1134 ut
869 1075 1042 1134 contineant
1070 1075 1196 1149 milites,
1230 1093 1268 1133 ne

269 1161 370 1222 studio
392 1161 549 1239 pugnandi
571 1169 623 1220 aut
645 1181 700 1239 spe
726 1161 840 1239 praedae
870 1160 989 1238 longius
1017 1160 1265 1238 progrediantur;

271 1242 345 1322 quid
376 1247 521 1322 iniquitas
553 1247 614 1306 loci
646 1247 758 1306 habeat
791 1246 983 1322 incommodi,
1017 1246 1173 1324 proponit;
1208 1246 1266 1305 hoc

269 1353 331 1392 una
353 1333 508 1392 celeritate
540 1351 632 1410 posse
654 1333 761 1406 vitari;
797 1332 965 1391 occasionis
998 1351 1067 1390 esse
1099 1351 1173 1408 rem,
1207 1351 1268 1391 non

269 1418 379 1497 proelii.
423 1419 482 1476 His
504 1419 597 1476 rebus
626 1418 773 1496 expositis
803 1417 923 1496 signum
956 1417 1009 1476 dat
1036 1425 1067 1476 et
1095 1419 1133 1476 ab
1161 1417 1269 1477 dextra

270 1511 357 1581 parte
380 1503 438 1562 alio
462 1523 592 1562 ascensu
615 1503 722 1563 eodem
744 1510 880 1581 tempore
900 1503 1038 1562 Haeduos
1060 1503 1161 1562 mittit.

355 1589 472 1649 XLVI.
518 1588 631 1667 Oppidi
647 1609 752 1648 murus
764 1591 809 1649 'ab
821 1589 947 1667 planitie
960 1596 1051 1664 atque
1062 1589 1148 1648 initio
1161 1609 1265 1648 ascen·

270 1694 323 1733 sus
345 1682 429 1735 recta
446 1676 580 1752 regione,
599 1676 626 1734 si
642 1676 745 1734 nullus
764 1674 930 1734 amfractus
947 1675 1159 1750 intercederet,
1182 1673 1268 1734 MGO

201 1764 205 1772 '
270 1780 382 1838 passus
405 1763 524 1835 aberat3
559 1761 703 1837 quicquid
735 1762 796 1820 huo
830 1761 974 1840 circuitus
1009 1760 1048 1819 ad
1071 1760 1267 1819 molliendum

270 1847 382 1906 clivum
404 1853 586 1921 accesserat,
609 1847 641 1906 id
663 1848 796 1924 spatium
822 1847 939 1906 itineris
969 1847 1110 1922 augebat.
1155 1846 1183 1904 A
1206 1866 1267 1904 ma-

271 1932 320 1990 dio
343 1932 408 1992 fere
431 1933 508 1991 colle
530 1933 561 1990 in
583 1933 818 2010 longitudinem,
848 1939 883 1990 ut
909 1938 1020 1991 natura
1047 1932 1158 1991 montis
1187 1931 1266 1990 fere-

197 2061 201 2068 .
271 2018 333 2091 bat,
358 2038 395 2076 ex
416 2018 584 2094 grandibus
606 2019 689 2077 saxis
711 2038 767 2077 sex
788 2018 901 2095 pedum
923 2037 1051 2092 murum,
1075 2018 1127 2092 qui
1148 2025 1268 2077 nostro·

269 2122 337 2160 rum
357 2103 503 2180 impetum
523 2097 670 2180 tardaret,
692 2104 908 2181 praeduxerant
920 2103 1000 2161 Galli
1017 2109 1108 2178 atque
1126 2101 1268 2164 inferiore

270 2189 351 2247 omni
373 2189 472 2266 spatio
494 2209 591 2249 vacuo
614 2189 718 2249 relicto
742 2189 929 2266 superiorem
955 2196 1074 2266 partem
1104 2189 1189 2248 collis
1217 2209 1267 2248 us-

272 2294 330 2349 que
353 2274 392 2333 ad
413 2295 531 2333 minum
553 2274 657 2353 oppidi
679 2275 869 2334 densissimis
898 2274 1007 2334 castris
1031 2275 1266 2352 compleverant.

208 2415 214 2434 ,
272 2360 386 2419 Milites
409 2361 480 2419 dato
509 2361 596 2438 signo
626 2361 766 2419 celeriter
796 2360 835 2419 ad
862 2360 1058 2419 munitionem
1086 2361 1269 2438 perveniunt

272 2465 398 2521 eamque
420 2447 606 2524 transgressi
628 2447 715 2506 trinis
750 2447 860 2505 castris
882 2447 1048 2524 potiuntur.
1103 2446 1150 2505 Ac
1183 2453 1270 2506 tanta

270 2529 329 2590 fuit
349 2533 381 2590 in
403 2533 512 2592 castris
545 2532 701 2610 capiendis
734 2533 883 2607 celeritas,
916 2538 951 2590 ut
973 2532 1185 2608 Teutomatus,
1214 2552 1269 2591 rex
1354 2596 1356 2600 ,

270 2617 490 2695 Nitiobrogum,
514 2619 618 2677 subito
638 2619 670 2678 in
691 2619 887 2677 tabernaculo
911 2636 1085 2695 oppressus,
1098 2624 1133 2676 ut
1143 2616 1269 2678 meridie

271 2705 496 2779 conquieverat,
520 2704 676 2781 superiore
699 2704 835 2780 corporis
865 2710 952 2780 parte
984 2703 1075 2778 nuda,
1110 2703 1268 2764 vulnerato

271 2808 348 2864 equo
371 2789 423 2848 vix
446 2809 479 2847 se
502 2808 540 2847 ex
561 2789 700 2848 manibus
722 2789 925 2867 praedantium
946 2789 1076 2847 militnm
1098 2789 1237 2866 eriperet.

354 2874 489 2933 XLVII.
535 2873 725 2934 Consecutus
746 2875 788 2949 id,
818 2874 900 2950 quod
928 2875 1026 2933 animo
1056 2882 1267 2952 proposuerat,

271 2958 375 3019 Caesar
396 2960 532 3037 receptui
556 2961 624 3018 cani
642 2959 747 3036 jussit,
770 2961 959 3037 legionisque
977 2960 1111 3036 decimae,
1136 2980 1268 3038 quacum

269 3052 344 3121 erat,
368 3045 456 3122 signa
478 3046 688 3105 constiterunt.
733 3046 781 3105 Ac
808 3046 994 3122 reliquarum
1015 3045 1168 3123 legionum
1191 3046 1267 3105 mili·

269 3138 316 3190 tes
338 3151 399 3190 non
421 3131 563 3190 exaudito
586 3151 660 3191 sono
694 3133 791 3207 tubae,
827 3132 908 3208 quod
941 3133 1016 3190 satis
1038 3152 1149 3207 magna
1171 3132 1268 3192 valles

269 3217 487 3293 intercedebat,
510 3224 613 3277 tamen
635 3219 673 3276 ab
696 3218 826 3276 tribunis
856 3218 984 3276 militum
1016 3217 1196 3294 legatisque,
1231 3225 1266 3276 ut

270 3310 335 3362 erat
358 3323 376 3362 a
399 3302 521 3362 Caesare
548 3311 745 3381 praeceptum,
774 3304 999 3376 retinebantur;
1030 3302 1085 3361 sed
1113 3303 1185 3362 elati
1212 3322 1268 3381 spe

270 3389 377 3447 celeris
399 3389 534 3449 victoriae
558 3397 588 3448 et
610 3390 744 3448 hostium
770 3389 844 3466 luga
874 3396 904 3448 et
932 3388 1122 3466 superiorum
1150 3391 1266 3466 tempo-

268 3493 337 3532 rum
358 3474 502 3533 secundis
523 3475 644 3553 proeliis
661 3475 736 3572 nihil
760 3474 835 3535 adeo
864 3474 990 3534 arduum
1021 3473 1080 3532 sibi
1109 3493 1177 3533 esse
1205 3474 1267 3533 exi-

269 3559 477 3634 stimaverunt,
513 3560 594 3636 quod
621 3581 751 3621 nonvrr
703 3561 840 3621 virtute
829 3561 985 3637 consequi
1006 3567 1142 3637 possent,
1166 3577 1267 3635 neque

267 3643 359 3703 finem
379 3645 464 3722 prius
487 3646 635 3721 sequendi
656 3645 804 3720 iecerunt,
835 3667 925 3723 quam
952 3665 1037 3705 muro
1066 3645 1170 3723 oppidi
1196 3665 1266 3722 por-

268 3730 369 3807 tisque
391 3731 679 3809 appropinquarunt.
735 3731 814 3790 Tum
846 3751 918 3792 vero
953 3752 990 3791 ex
1020 3731 1158 3789 omnibus
1180 3731 1265 3790 urbis

267 3816 406 3893 partibus
441 3823 507 3875 orto
541 3817 682 3891 clamore,
717 3817 768 3892 qui
801 3817 921 3895 longius
950 3819 1086 3890 aberant,
1108 3817 1267 3894 repentino

267 3902 399 3960 tumultu
420 3902 584 3979 perterriti,
608 3922 700 3976 quum
721 3901 841 3961 hostem
863 3903 943 3961 intra
971 3909 1077 3980 portas
1107 3921 1175 3961 esse
1205 3902 1267 3961 exi-

269 3986 437 4061 stimarent,
461 4006 530 4046 sese
553 4007 590 4046 ex
613 3986 723 4064 oppido
748 3987 913 4064 ejecerunt.
947 3988 1063 4047 Matres
1086 3985 1210 4046 familiae
1228 3987 1267 4046 de

267 4090 352 4128 muro
386 4078 504 4130 vestem
532 4079 750 4150 argentumque
780 4072 940 4149 jactabant
973 4080 1004 4132 et
1030 4079 1154 4150 pectore
1184 4072 1266 4152 nudo
