2967 4609
589 340 591 345 ’
621 365 799 437 11111111.
1165 375 1204 431 41
1222 431 1224 434 ¹

208 563 280 621 dum
302 562 424 639 egregie
445 567 555 619 natura
576 560 724 618 munitum
747 559 949 618 contulerunt.
1001 560 1090 631 Quod
1120 582 1213 636 quum

208 669 245 707 ex
269 648 406 706 omnibus
429 647 460 704 in
483 646 611 704 circiutu
628 646 767 723 partibus
790 645 955 705 altissimas
972 666 1066 724 rupes
1084 639 1212 725 despec-

207 742 319 810 tusque
340 734 476 806 haberet,
500 726 560 789 una
584 750 620 790 ex
643 738 730 808 parte
753 731 862 789 leniter
884 731 1010 791 acclivis
1039 732 1150 806 aditus,
1180 734 1212 792 in

207 819 399 879 latitudinem
432 837 497 897 non
520 817 648 894 amplius
677 815 876 875 ducentorum
907 817 1034 894 pedum,
1062 818 1212 894 relinque·

207 908 307 980 batur,
342 924 431 979 quem
463 904 563 962 locum
591 902 704 980 duplici
737 902 884 961 altissimo
918 924 1003 962 muro
1031 904 1211 981 munierant,

209 1000 274 1051 tum
295 987 562 1067 magnipendens
586 1008 660 1069 saxa
689 996 719 1047 et
741 995 914 1066 praeacutas
935 990 1039 1048 trabes
1068 990 1100 1048 in
1126 1012 1212 1051 muro

210 1078 400 1137 collocarent.
446 1075 512 1152 Ipsi
546 1081 632 1133 erant
666 1094 702 1132 ex
737 1074 866 1133 Cimbris
899 1075 1108 1151 Teutonisque
1142 1097 1212 1154 pro-

210 1164 304 1243 gnati,
329 1162 380 1237 qui
403 1160 495 1237 quum
516 1160 575 1219 iter
597 1160 628 1218 in
657 1160 844 1238 provinciam
872 1167 1008 1219 nostram
1035 1168 1127 1236 atque
1149 1163 1212 1221 Ita-

211 1250 282 1307 liam
310 1246 455 1321 fecerent‚
485 1246 522 1305 iis
551 1245 792 1323 impedimentis,
827 1266 895 1321 quae
924 1266 1028 1305 secum
1056 1268 1146 1323 agere
1177 1269 1216 1313 ac

210 1341 333 1413 portare
365 1352 425 1391 non
452 1338 602 1409 poterant,
638 1332 714 1390 citra
746 1331 859 1390 flumen
880 1331 1022 1390 Rhenum
1055 1332 1212 1410 depositis,

213 1418 359 1479 custodiae
383 1438 419 1477 cx
442 1418 506 1477 suis
530 1438 564 1476 ac
591 1417 734 1494 praesidio
766 1437 820 1476 sex
849 1418 932 1476 milia
961 1418 1125 1479 homimum
1152 1440 1214 1478 una

211 1506 407 1580 reliquerunt.
463 1504 505 1561 Hi
537 1510 608 1581 post
641 1523 745 1562 eorum
778 1504 893 1562 obitum
925 1504 1037 1562 multos
1071 1524 1166 1563 annos
1196 1526 1214 1564 1

212 1590 346 1650 finitimis
381 1589 535 1666 exagitati,
565 1609 658 1664 quum
691 1588 766 1647 alias
805 1588 918 1647 bellum
950 1588 1106 1662 inferrent,
1138 1591 1213 1649 alias

212 1677 329 1749 illatum
352 1675 558 1749 defenderent,
582 1693 732 1733 consensu
755 1694 859 1732 eorum
880 1674 1011 1732 omnium
1032 1695 1108 1752 pace
1131 1674 1214 1735 facta

212 1764 292 1821 hamc
315 1761 373 1820 sibi
396 1760 544 1819 domicilio
567 1760 667 1819 locum
692 1760 878 1836 delegerunt.

196 1881 198 1887 ν
297 1847 404 1905 ΧΧΧ.
448 1846 495 1904 Ac
517 1846 613 1923 primo
637 1846 771 1905 adventu
793 1845 944 1903 exercitus
966 1846 1064 1904 nostri
1088 1847 1213 1905 crebras

214 1953 251 1992 ex
290 1932 400 2010 oppido
440 1932 635 1991 excursiones
676 1930 829 1989 faciebant
860 1931 1057 2008 parvulisque
1097 1932 1213 2009 proeliis

214 2039 283 2077 cum
304 2018 418 2076 nostris
441 2017 678 2091 contendebant;
702 2023 811 2094 postea
832 2016 912 2077 vallo
935 2015 1048 2094 pedum
1076 2018 1153 2093 XII,
1182 2020 1214 2077 in

215 2105 343 2163 circuitu
371 2103 433 2163 XV
465 2103 580 2161 milium
615 2103 790 2177 crebrisque
824 2102 959 2161 castellis
992 2104 1214 2163 circummuniti
1247 2167 1253 2175 ,
1329 2145 1333 2152 ·

215 2190 326 2268 oppido
350 2208 417 2247 sese
441 2189 644 2247 continebant.
690 2188 752 2247 Ubi
774 2187 872 2248 vineis
902 2189 993 2263 actis,
1023 2209 1135 2266 aggere
1163 2210 1213 2248 ex-

214 2282 313 2335 tructo
336 2275 443 2333 turrim
465 2275 572 2352 procul
594 2274 738 2333 constitui
759 2274 911 2347 viderunt,
934 2274 1065 2351 primum
1087 2274 1214 2335 irridere

216 2382 253 2421 ex
275 2382 360 2420 muro
384 2368 474 2436 atque
496 2361 679 2437 increpitare
701 2360 837 2433 vocibus,
861 2358 943 2435 quod
964 2366 1050 2418 tanta
1061 2361 1214 2419 machina-

182 2444 184 2448 ’
215 2448 256 2506 tio
286 2448 323 2505 ab
352 2454 442 2514 ,tanto
473 2446 571 2524 spatio
601 2446 819 2504 instrueretur:
851 2445 1033 2520 quibusnam
1061 2446 1214 2521 manibus,

217 2539 269 2591 aut
291 2532 402 2608 quibus
423 2532 550 2607 viribus,
573 2530 744 2609 praesertim
772 2530 908 2588 homines
935 2530 1061 2588 tantulae
1091 2537 1216 2589 staturae

218 2617 298 2689 (nam
319 2617 497 2695 plerumque
519 2616 691 2676 hominibus
716 2616 813 2675 Gallis
835 2635 898 2693 prae
921 2614 1129 2691 magnitudine
1151 2636 1217 2675 cor·

216 2724 324 2781 porum
358 2724 479 2762 suorum
518 2704 653 2763 brevitas
692 2708 798 2761 nostra
830 2701 1017 2778 contemptui
1050 2700 1108 2773 est)
1141 2702 1218 2762 tanti

218 2789 317 2849 oneris
339 2790 446 2848 turrim
468 2790 500 2847 in
521 2808 624 2847 muros
647 2806 715 2847 sese
738 2788 886 2847 collocare
909 2786 1103 2846 confiderent.

302 2875 426 2933 XXXI.
470 2874 532 2933 Ubi
554 2894 627 2935 vero
650 2874 766 2934 moveri
789 2880 819 2932 et
847 2874 1090 2951 appropinquare
1112 2874 1218 2932 moeni-

217 2963 276 3019 bus
298 2961 449 3034 viderunt,
472 2954 552 3020 nova
576 2967 665 3035 atque
686 2960 833 3017 inusitata
856 2960 956 3036 specie
973 2960 1113 3017 commoti
1135 2961 1218 3036 lega-

218 3054 266 3105 tos
289 3046 327 3105 ad
350 3045 502 3105 Gaesarem
525 3046 563 3105 de
584 3066 660 3123 pace
683 3046 839 3118 miserunt,
863 3045 916 3120 qui
938 3044 977 3102 ad
998 3045 1078 3103 hunc
1095 3045 1218 3103 modum

218 3132 326 3191 locuti:
350 3132 419 3191 Non
448 3132 630 3206 existimare,
659 3132 814 3189 Romanos
841 3130 906 3188 sine
934 3150 991 3206 ope
1025 3129 1128 3189 divina
1154 3131 1218 3188 bel-

217 3218 280 3276 lum
307 3222 423 3294 gerere,
453 3218 504 3293 qui
537 3224 630 3276 tantae
660 3216 830 3275 altitudinis
859 3215 1097 3273 machinationes
1131 3222 1218 3274 tanta

150 3362 152 3368 ,
219 3303 374 3362 celeritate
407 3323 586 3381 promovere
618 3308 762 3380 possent,
797 3320 831 3359 se
854 3319 969 3374 suaque
992 3300 1092 3358 omnia
1114 3320 1218 3359 corum

218 3390 363 3466 potestati
385 3388 561 3466 permittere
584 3388 734 3446 dixerunt.
785 3386 887 3445 Unum
913 3392 1019 3462 petere
1048 3406 1083 3444 ac
1111 3386 1218 3464 depre-

219 3474 295 3533 cari:
320 3474 346 3533 si
367 3472 448 3533 forte
469 3495 524 3553 pro
548 3494 604 3533 sua
626 3472 786 3532 clementia
808 3491 844 3531 ac
866 3471 1107 3547 mansvetudine‚
1129 3492 1220 3547 quam

217 3560 278 3637 ipsi
300 3561 338 3618 ab
362 3560 428 3618 aliis
464 3560 612 3634 audirent,
647 3558 807 3618 statuisset
844 3557 1023 3616 Aduatucos
1052 3578 1121 3617 esse
1149 3578 1219 3617 con-

221 3644 398 3720 servandos,
432 3666 471 3703 ne
499 3665 532 3704 se
563 3645 654 3704 armis
686 3643 885 3722 despoliaret3
922 3643 981 3701 sibi
1019 3663 1124 3703 omnes
1152 3643 1218 3702 fere

218 3729 362 3789 finitimos
385 3750 453 3790 esse
475 3732 612 3790 inimicos
636 3750 671 3792 ac
694 3749 758 3788 suae
780 3729 886 3789 virtuti
908 3727 1054 3804 invidere,
1074 3750 1092 3787 a
1109 3730 1219 3804 quibus

189 3818 192 3823 ’
220 3836 254 3875 se
277 3816 440 3875 defendere
463 3817 584 3876 traditis
607 3816 698 3875 armis
720 3836 781 3874 non
803 3820 938 3892 possent.
974 3814 1039 3872 Sibi
1060 3820 1217 3891 praestare,

220 3902 247 3963 si
279 3902 310 3961 in
343 3922 412 3961 cum
446 3922 550 3962 casum
583 3902 814 3974 deducerentur,
849 3900 987 3976 quamvis
1020 3898 1173 3957 fortunam
1201 3920 1219 3957 a

220 3988 333 4065 populo
355 3988 493 4048 Romano
516 3989 589 4067 pati,
614 4008 704 4063 quam
727 3988 764 4045 ab
787 3987 826 4044 iis
854 4004 909 4063 per
937 3984 1105 4042 cruciatum
1127 3984 1219 4043 inter·
1331 4023 1334 4029 -

219 4072 279 4149 fici,
301 4072 381 4132 inter
403 4094 480 4149 quos
503 4074 650 4133 dominari
673 4078 879 4132 consvessent.
