2967 4609
201 356 204 363 “
258 351 319 410 162
573 341 626 396 DE
644 338 772 396 BELLO
791 337 960 407 GALLIGO

256 559 315 618 pus
339 558 431 615 quum
459 537 569 614 exigua
601 544 667 595 tum
695 535 826 613 disjecta
854 543 945 612 esset,
976 543 1007 596 et
1023 535 1259 598 frumentatione

257 633 289 686 et
309 624 427 700 reliquo
451 628 620 682 commeatu
643 641 680 681 ex
701 621 821 681 insidiis
843 621 1004 705 prohibere
1026 621 1190 683 Romanos.

339 709 433 770 VIII.
479 707 555 780 Quae
579 707 683 767 Oaesar
712 703 971 768 consentientibus
999 708 1137 787 pluribus
1166 728 1259 783 quum

256 803 420 876 cognosset
442 801 534 871 atque
562 813 608 868 ea,
637 813 705 870 quae
733 801 984 872 proponerentur,
1014 795 1140 854 consilia
1166 795 1261 872 plena

256 883 427 964 prudentiae
466 881 618 958 longeque
652 900 670 939 a
702 879 875 940 temeritate
907 880 1107 939 barbarorum
1140 887 1260 941 remota

256 989 325 1030 esse
343 968 508 1045 judicaret,
532 965 672 1026 omnibus
693 967 786 1025 rebus
808 963 1034 1025 inserviendum
1056 967 1172 1042 statuit,
1196 986 1258 1042 quo

259 1054 389 1116 celerius
427 1052 525 1112 hostis
565 1058 739 1129 contempta
777 1070 834 1110 sua
872 1051 1026 1129 paucitate
1058 1052 1194 1130 prodiret
1225 1053 1260 1112 in

256 1142 358 1201 aciem.
426 1137 596 1214 Singularis
629 1137 708 1197 enim
746 1136 868 1198 virtutis
901 1138 1081 1198 veterrimas
1120 1138 1257 1217 legiones

254 1226 339 1302 VII,
357 1225 460 1299 VIII,
479 1223 538 1282 IX.
557 1223 700 1298 habebat,
718 1241 845 1282 summae
865 1223 931 1300 spei
949 1221 1136 1300 delectaeque
1144 1224 1256 1302 juven·

256 1313 330 1373 tutis
352 1311 422 1386 XI,
446 1329 515 1386 quae
544 1315 653 1369 octavo
678 1308 743 1386 jam
771 1307 921 1386 stipendio
950 1305 1074 1382 [functa]
1103 1317 1204 1370 tamen
1225 1312 1258 1370 in

256 1398 418 1459 collatione
440 1394 625 1471 reliquarum
646 1393 781 1454 nondum
803 1393 930 1454 eandem
951 1395 1116 1454 vetustatis
1138 1416 1174 1456 ac
1196 1398 1258 1458 vir·

255 1484 331 1543 tutis
353 1489 478 1560 ceperat
500 1481 681 1560 opinionem.
714 1481 827 1556 Itaque
849 1479 974 1540 consilio
998 1480 1147 1542 advocato
1164 1483 1257 1543 rebus

254 1571 304 1645 iis,
327 1587 395 1644 quae
419 1567 459 1626 ad
481 1566 516 1627 se
538 1573 643 1626 essent
665 1566 786 1642 delatae,
810 1566 948 1625 omnibus
971 1568 1118 1644 expositis
1141 1569 1259 1628 animos

255 1653 458 1714 multitudinis
481 1651 647 1712 confirmat.
693 1651 725 1711 Si
747 1651 829 1711 forte
857 1653 962 1711 hostes
990 1653 1083 1712 trium
1103 1653 1258 1731 legionum

254 1760 381 1801 numero
402 1746 510 1817 posset
532 1738 642 1798 ehcere
664 1738 704 1797 ad
726 1737 940 1814 dimicandum,
964 1738 1092 1816 agminis
1122 1739 1259 1798 ordinem

255 1828 300 1887 ita
321 1825 487 1899 constituit,
510 1830 545 1883 ut
566 1824 646 1902 legio
658 1823 744 1900 VH,
762 1823 865 1899 VIII,
878 1823 937 1882 IX.
962 1830 1033 1884 ante
1055 1825 1155 1884 omnia
1176 1826 1258 1885 irent

255 1911 486 1991 impedimenta,
521 1910 631 1970 deinde
664 1909 797 1969 omnium
828 1908 1113 1988 impedimentorum
1147 1931 1256 1990 agmen
1332 1937 1334 1942 ·

256 1997 350 2074 (quod
370 2004 473 2056 tamen
495 2003 561 2056 erat
588 1996 748 2071 mediocre,
782 2002 817 2055 ut
848 1996 880 2056 in
913 1995 1155 2073 expeditionibus
1189 2017 1259 2058 esse

256 2082 426 2152 consvevit)
460 2088 583 2158 cogeret
614 2080 786 2156 undecima,
819 2100 860 2140 ne
890 2079 1015 2158 majoris
1054 2082 1260 2142 multitudinis

255 2167 375 2248 speeies
407 2167 546 2227 accidere
579 2166 719 2226 hostibus
751 2173 872 2245 posset,
907 2187 998 2244 quam
1029 2167 1089 2246 ipsi
1122 2168 1256 2248 depopo-

255 2255 396 2315 scissent.
441 2253 510 2312 Hac
530 2252 649 2312 ratione
670 2272 758 2331 paene
780 2252 928 2328 quadrato
958 2253 1077 2331 agmine
1105 2254 1254 2314 instructo

252 2341 285 2400 in
307 2346 503 2418 conspectum
536 2339 670 2398 hostium
702 2338 831 2398 celerius
865 2338 1004 2417 opinione
1033 2360 1136 2400 eorum
1170 2361 1256 2400 exer-

260 2429 353 2486 citum
375 2425 508 2485 adducit.
1005 2455 1007 2458 -

343 2512 403 2571 IX.
460 2509 559 2582 Quum
591 2517 716 2588 repente
737 2509 904 2570 instructas
927 2510 1064 2572 velutin
1086 2511 1151 2570 acie
1174 2520 1259 2572 certo

260 2598 359 2676 gradu
380 2597 516 2674 legiones
549 2596 696 2657 accedere
724 2595 806 2656 Galli
828 2597 987 2670 ¹viderent,
1017 2616 1145 2672 quorum
1172 2605 1259 2658 erant

259 2683 298 2743 ad
326 2682 480 2743 Gaesarem
507 2681 599 2762 plena
625 2681 745 2742 fiduciae
774 2682 901 2742 consilia
921 2681 1049 2762 perlata,
1072 2683 1138 2744 sive
1160 2690 1258 2743 certa·

135 2838 139 2842 ¹
258 2768 348 2828 minis
369 2768 516 2847 periculo,
540 2769 606 2829 sive
639 2768 741 2828 subito
775 2767 918 2843 adventu,
953 2768 1018 2828 sive
1046 2769 1257 2847 expectatione

256 2854 355 2923 nostri
377 2853 494 2913 consilii
516 2853 620 2932 copias
641 2854 797 2912 instruunt
817 2874 872 2931 pro
896 2854 1005 2914 castris
1032 2873 1089 2913 nec
1117 2855 1183 2914 loco
1206 2874 1257 2914 su-

257 2940 376 3018 periore
410 2938 570 2998 decedunt.
626 2937 730 2998 Caesar
763 2939 822 2998 etsi
849 2938 993 3000 dimicare
1020 2947 1188 3018 optaverat,
1211 2949 1257 3014 ta·

257 3045 326 3085 men
349 3024 516 3084 admiratus
538 3031 655 3084 tantam
676 3023 900 3085 multitudinem
928 3025 1078 3101 hostium,
1106 3027 1185 3087 valle
1212 3027 1257 3085 in-

257 3112 408 3186 termissa,
430 3109 529 3188 magis
550 3111 582 3170 in
605 3110 796 3186 altitudinem
823 3110 985 3189 depressa,
1009 3131 1099 3187 quam
1120 3113 1182 3171 late
1198 3110 1257 3191 'pa-

258 3205 351 3274 tente,
386 3203 488 3257 castra
528 3197 637 3256 castris
675 3197 808 3256 hostium
841 3196 969 3257 confert.
1019 3197 1096 3256 Haec
1127 3197 1258 3276 imperat

257 3283 338 3343 vallo
360 3283 473 3361 pedum
499 3281 568 3341 XII
594 3283 723 3357 muniri,
752 3282 910 3342 loriculam
936 3303 992 3364 pro
1020 3284 1159 3361 portione
1189 3283 1257 3360 ejus

257 3368 426 3428 altitudinis
464 3367 656 3444 inaedificmi3
698 3368 815 3428 fossam
854 3369 1006 3448 duplicem
1045 3369 1157 3448 pedum
1191 3369 1257 3445 qui-

254 3475 327 3513 num
350 3454 460 3515 denum
491 3453 639 3514 lateribus
662 3454 790 3532 deprimi
822 3455 961 3530 directis3
995 3462 1096 3514 turres
1130 3454 1257 3514 excitari

257 3541 380 3599 crebras
400 3540 433 3599 in
456 3539 936 3617 altitudinemHItabulatorum,
954 3539 1098 3619 pontibus
1116 3540 1255 3617 trajectis

256 3625 481 3701 constratisque
503 3625 656 3703 conjungi,
680 3645 808 3702 qnorum
830 3625 949 3686 frontes
970 3626 1101 3687 viminea
1128 3626 1256 3685 loricula

255 3712 451 3786 munirentur,
474 3717 509 3769 ut
537 3711 575 3769 ab
603 3712 742 3772 hostibus
771 3711 885 3790 duplici
910 3711 1012 3788 fossa,
1046 3711 1159 3789 duplici
1185 3731 1256 3790 pro·

255 3805 461 3875 pugnatorum
502 3795 608 3856 ordine
651 3796 901 3873 defenderentur,
939 3817 1066 3874 quorum
1100 3797 1177 3857 alter
1217 3817 1255 3856 ex
1320 3819 1326 3830 ·

254 3883 418 3960 pontibus,
463 3898 523 3957 quo
556 3882 649 3941 tutior
686 3883 847 3942 altitudine
881 3891 978 3959 esset,
1017 3883 1074 3942 hoc
1108 3883 1257 3942 audacius

253 3968 435 4044 longiusque
462 3968 651 4043 permitteret
678 3967 750 4042 tela,
779 3969 872 4043 alter,
902 3969 954 4044 qui
980 3968 1104 4047 propior
1133 3969 1254 4028 hostem
