2967 4609
262 356 303 413 64
567 345 619 399 nn
637 328 765 399 santo
785 342 963 399 emmoo.

259 550 325 603 tum
346 541 479 601 fluminis
502 558 650 599 conversa
673 542 838 599 statuebat.
882 540 960 599 Haec
988 547 1118 615 utraque
1139 539 1264 619 insuper

257 628 449 707 bipedalibus
471 626 609 685 trabibus
631 626 784 701 immissis,
808 632 954 702 quantum
981 646 1085 685 eorum
1111 626 1265 703 tignorum

256 715 401 792 junctura
418 713 562 786 distabat,
580 712 660 773 binis
677 713 819 787 utrinque
836 711 939 771 fibulis
960 713 998 771 ab
1019 719 1157 798 extrema,
1175 719 1263 791 parte

261 800 507 872 destinabantur,
532 798 642 872 quibus
666 798 809 857 disclusis
833 804 925 873 atque
946 798 977 855 in
990 798 1172 857 contrariam
1193 820 1264 877 par-

260 893 322 946 tem
343 885 499 959 revinctis,
523 889 609 942 tanta
638 890 703 941 erat
732 884 833 961 operis
862 882 1015 942 firmitudo
1045 889 1136 960 atque
1159 904 1195 943 ea
1216 904 1263 945 re-

258 993 326 1030 rum
354 978 474 1045 natura,
502 975 553 1045 ut,
584 988 643 1044 quo
671 968 769 1045 major
794 969 844 1029 vis
872 989 959 1045 aquae
994 988 1028 1027 se
1062 969 1261 1044 incitavisset,

259 1050 317 1117 hoc
341 1057 436 1116 artius
458 1056 576 1131 iliigata
597 1060 783 1114 tenerentur.
827 1055 905 1113 Haec
928 1055 1045 1113 directa
1066 1056 1195 1114 materia
1216 1056 1261 1114 in-

254 1142 339 1220 jecta
367 1142 605 1201 contexebantur
624 1160 659 1199 ac
681 1141 829 1217 longuriis
859 1141 1054 1216 cratibusque
1088 1148 1261 1201 consterno·
1320 1204 1323 1210 ,

258 1230 378 1303 bantur,
403 1248 437 1285 ac
460 1227 553 1285 nihilo
576 1226 677 1285 secius
705 1226 831 1285 sublices
854 1233 886 1285 et
920 1226 960 1285 ad
986 1224 1160 1285 inferiorem
1192 1248 1261 1305 par-

258 1321 321 1373 tem
342 1313 474 1372 fluminis
498 1312 619 1387 oblique
638 1313 817 1388 agebantur,
842 1316 909 1387 quae
926 1332 982 1390 pro
1000 1311 1094 1370 ariete
1112 1312 1260 1389 subjectae

260 1407 290 1459 et
313 1420 382 1459 cum
405 1398 485 1458 omni
508 1418 598 1475 opere
628 1397 799 1474 conjunctae
827 1399 889 1458 vim
915 1397 1048 1456 fluminis
1077 1398 1259 1475 exciperent,

260 1492 290 1544 et
313 1486 380 1544 aliae
403 1486 476 1543 item
498 1502 591 1561 supra
613 1491 738 1560 pontem
760 1484 905 1543 mediocri
923 1484 1033 1561 spatio,
1056 1490 1099 1558 ut,
1124 1484 1151 1542 si
1173 1486 1261 1543 arbo-

258 1592 326 1629 rum
348 1571 448 1629 trunci
470 1570 535 1629 sive
558 1589 653 1629 naves
677 1568 840 1646 dejiciendi
862 1570 962 1647 operis
980 1579 1083 1627 vcausa
1111 1576 1215 1628 essent
1243 1590 1261 1628 a

258 1656 397 1715 barbaris
420 1656 533 1731 missae,
556 1655 604 1713 his
628 1654 841 1714 defensoribus
870 1675 974 1714 earum
1001 1675 1103 1714 rerum
1129 1656 1177 1716 vis
1206 1656 1260 1713 mi-

257 1749 401 1801 nueretur
422 1762 482 1801 neu
504 1741 589 1818 ponti
611 1747 766 1801 nocerent.
1172 1768 1174 1771 ·

344 1828 471 1889 XVIII.
506 1827 624 1885 Diebus
648 1826 763 1900 decem,
787 1827 898 1902 quibus
920 1825 1049 1885 materia
1072 1833 1173 1903 coepta
1196 1819 1261 1885 erat

258 1914 463 1991 comportari„
490 1913 570 1971 omni
608 1932 699 1990 opere
740 1910 850 1971 effecto
890 1912 1041 1969 exercitus
1080 1911 1258 1970 traducitur.

259 1998 362 2057 Caesar
385 1998 424 2058 ad
446 2004 746 2075 utramquepartem
769 1998 871 2075 pontis
889 1996 975 2055 firmo
993 1997 1135 2075 praesidio
1153 1998 1259 2056 relicto
1300 2054 1303 2060 ,

257 2085 288 2142 in
309 2084 385 2151 fines
415 2084 653 2160 Sugambrorum
681 2083 845 2143 contendit.
895 2083 1024 2141 Interim
1051 2104 1069 2141 a
1098 2084 1259 2161 compluri-

256 2172 313 2227 bus
344 2170 519 2230 civitatibus
553 2168 592 2227 ad
621 2190 690 2227 eum
718 2169 813 2245 legati
840 2169 981 2243 veniunt,
1012 2169 1121 2243 quibus
1151 2189 1260 2247 pacem

257 2263 347 2331 atque
370 2256 533 2314 amicitiam
554 2255 729 2332 petentibus
752 2254 918 2313 liberaliter
940 2254 1098 2331 respondit
1120 2254 1258 2314 obsides-

258 2362 316 2417 que
340 2341 434 2401 adse
458 2340 568 2400 adduci
586 2340 684 2417 jubet.
730 2341 774 2399 At
796 2340 958 2417 Sugambri
988 2360 1025 2398 ex
1048 2360 1082 2399 eo
1111 2347 1257 2418 tempore,

257 2448 316 2503 quo
339 2447 417 2505 pons
440 2427 559 2487 institui
582 2432 701 2504 coeptus
725 2434 782 2502 est,
811 2426 886 2503 fuga
914 2432 1089 2503 comparata
1110 2424 1257 2488 hortanti-

254 2515 313 2573 bus
341 2514 388 2589 iis,
420 2532 497 2589 quos
531 2532 568 2571 ex
601 2513 759 2572 Tencteris
787 2519 878 2587 atque
905 2512 1086 2590 Usipetibus
1114 2511 1196 2589 apud
1224 2532 1258 2571 se

255 2600 419 2674 habebant,
442 2598 554 2657 finibus
577 2599 640 2657 suis
665 2604 861 2657 excesserant
883 2618 999 2673 suaque
1028 2598 1128 2656 omnia
1150 2618 1257 2675 expor-

255 2691 397 2745 taverant
419 2704 512 2760 seque
535 2685 566 2742 in
590 2684 783 2743 solitudinem
805 2704 840 2742 ac
863 2684 957 2743 silvas
981 2682 1169 2741 abdiderant.

276 2802 278 2806 ·
340 2770 432 2829 XIX.
479 2769 583 2829 Caesar
604 2790 719 2847 paucos
742 2769 808 2828 dies
835 2770 867 2826 in
894 2789 998 2827 eorum
1025 2767 1136 2827 finibus
1158 2790 1256 2829 mora-

255 2863 315 2931 tus,
351 2856 489 2915 omnibus
523 2856 600 2916 vicis
634 2854 830 2930 aedificiisque
869 2854 1002 2912 incensis
1035 2852 1257 2930 frumentisque

256 2942 383 2999 succisis
406 2960 440 3000 se
463 2942 494 3000 in
515 2940 592 3000 fines
614 2942 763 3000 Ubiorum
790 2939 907 3017 recepit
934 2946 1024 3014 atque
1051 2939 1090 2997 iis
1113 2940 1257 2999 auxilium

255 3046 344 3085 suum
375 3027 541 3104 pollicitus5
574 3028 601 3087 si
634 3028 671 3085 ab
706 3026 816 3086 Suavis
848 3031 1074 3103 premerentur,
1116 3026 1182 3084 haec
1218 3028 1255 3086 ab

253 3113 291 3171 iis
315 3113 471 3190 cognovit:
496 3113 621 3185 Stratos,
645 3119 845 3189 posteaquam
871 3131 927 3189 per
950 3111 1159 3189 exploratores
1181 3133 1255 3189 pon-

254 3206 316 3257 tem
358 3198 425 3258 fieri
469 3198 702 3277 comperissent,
756 3218 839 3256 more
884 3217 938 3256 suo
983 3198 1109 3256 concilio
1152 3198 1255 3257 habito

254 3285 376 3344 nuntios
414 3286 446 3343 in
486 3304 590 3343 omnes
629 3291 733 3361 partes
772 3283 940 3358 dimisisse,
979 3284 1025 3341 uti
1064 3283 1102 3357 de
1135 3284 1255 3362 oppidis

254 3369 474 3447 demigrarent,
516 3370 643 3445 liberae,
684 3388 810 3444 uxores,
846 3389 961 3444 suaque
1001 3370 1100 3427 omnia
1139 3370 1171 3428 in
1205 3370 1255 3428 sil-

253 3455 302 3514 vis
324 3455 520 3534 deponerent,
550 3462 641 3531 atque
671 3475 790 3530 omnes,
821 3455 873 3530 qui
902 3475 986 3513 arma
1013 3454 1253 3533 ferre'possent,

254 3561 347 3599 unum
374 3542 405 3600 in
432 3543 533 3601 locum
561 3542 774 3615 convenirent,
807 3541 887 3599 hunc
916 3560 985 3599 esse
1015 3540 1166 3599 delectum
1193 3562 1254 3600 me·

254 3626 337 3684 dium
358 3625 424 3687 fere
446 3628 603 3705 regionum
626 3648 738 3701 earum,
763 3646 838 3701 quas
868 3626 961 3686 Svevi
989 3627 1174 3701 obtinerent;
1204 3627 1255 3685 hic

253 3712 459 3772 Romanorum
501 3712 664 3773 adventum
697 3718 859 3789 expectare
898 3719 988 3788 atque
1020 3712 1064 3771 ibi
1096 3712 1254 3771 decertare

170 3870 171 3875 η
254 3798 458 3858 constituisse.
506 3797 595 3869 Quod
616 3798 667 3856 ubi
692 3797 797 3857 Caesar
819 3798 974 3875 comperit,
999 3798 1141 3857 omnibus
1161 3799 1253 3856 rebus

252 3884 290 3941 iis
324 3884 489 3959 confectis,
524 3904 651 3959 quarum
684 3904 786 3943 rerum
820 3904 913 3941 causa
945 3883 1107 3955 traducere
1140 3883 1253 3943 exerci-

253 3976 317 4028 tum
339 3970 551 4044 constituerat,
580 3976 614 4027 ut
632 3969 793 4027 Germanis
819 3974 933 4027 metum
959 3968 1112 4045 injiceret,
1141 3976 1175 4027 ut
1198 3968 1252 4027 Su-

253 4056 397 4131 gambros
420 4055 628 4130 ulcisceretur,
651 4062 686 4112 ut
707 4053 805 4113 Ubios
829 4054 985 4113 obsidione
1008 4054 1161 4131 liberaret,
1191 4055 1253 4114 die-
