2967 4609
1270 378 1512 434 LIBER
1547 381 1647 437 VI.
2317 390 2441 449 103

429 577 633 655 copias
691 575 1148 652 equitatumque
1208 573 1495 633 traducit.
1609 575 1773 651 Ubii,
1832 576 1938 652 qui
1994 583 2135 635 ante
2193 578 2441 638 obsides

429 661 723 722 dederant
788 666 972 735 atque
1037 660 1103 719 in
1160 659 1532 718 deditionem
1597 667 1912 736 venerant,
1980 662 2289 740 purgandi
2345 664 2441 723 sui

428 766 616 806 causa
661 747 740 805 ad
785 766 924 805 eum
966 745 1207 822 legatos
1250 745 1519 821 mittunt,
1570 747 1673 822 qui
1719 746 1980 806 doceant
2023 766 2223 824 neque
2271 750 2439 809 auxi-

425 832 511 892 lia
553 852 627 892 ex
670 851 783 891 sua
828 831 1077 892 civitate
1120 831 1185 890 in
1208 831 1496 892 Treviros
1539 832 1731 890 missa
1771 851 1973 908 neque
2017 833 2093 891 ab
2141 852 2208 892 se
2253 832 2440 894 fidem

424 918 677 992 laesam3
710 923 930 996 petunt
974 923 1159 992 atque
1204 923 1398 992 orant,
1442 923 1514 976 ut
1558 917 1674 976 sibi
1719 925 1952 996 parcat,
2010 937 2088 976 ne
2134 920 2441 979 communi

428 1003 565 1064 odio
635 1002 1075 1062 Germanorum
1149 1003 1506 1062 innocentes
1585 1023 1696 1080 pro
1779 1003 2142 1062 nocentibus
2222 1024 2438 1082 poenas

425 1089 727 1168 pendant3
799 1089 852 1146 si
920 1087 1179 1165 amplius
1246 1088 1529 1146 obsidum
1595 1089 1762 1163 velit,
1836 1088 1982 1148 dare
2048 1089 2435 1167 pollicentur.

428 1173 687 1251 Cognita
734 1173 942 1232 Caesar
1008 1192 1193 1232 causa
1245 1174 1475 1251 reperit
1542 1173 1617 1232 ab
1694 1172 1912 1235 Svevis
1969 1174 2194 1234 auxilia
2249 1175 2441 1235 missa

427 1279 595 1334 esse,
660 1259 959 1318 Ubiorum
1026 1257 1510 1318 satisfactionem
1578 1259 1844 1338 accepit,
1916 1260 2120 1319 aditus
2184 1261 2440 1337 viasque

425 1346 491 1404 in
536 1345 773 1404 Svevos
816 1344 1135 1421 perquirit.

597 1429 679 1489 X.
769 1429 1024 1488 Interim
1068 1430 1281 1507 paucis
1322 1436 1466 1508 post
1511 1429 1726 1490 diebus
1771 1429 1843 1488 fit
1888 1433 1962 1489 ab
1988 1431 2168 1490 Ubiis
2215 1432 2439 1492 certior

430 1515 665 1577 Svevos
722 1534 931 1574 omnes
991 1515 1054 1573 in
1110 1536 1299 1574 unum
1352 1515 1555 1575 locum
1611 1515 1819 1593 copias
1866 1535 2085 1594 cogere
2133 1524 2317 1593 atque
2361 1518 2438 1577 iis

424 1601 795 1676 nationibus,
844 1612 979 1676 quae
1026 1602 1139 1660 sub
1187 1621 1395 1660 eorum
1439 1601 1564 1660 sint
1606 1601 1881 1678 imperi0‚
1931 1602 2310 1678 denuntiare,
2350 1606 2442 1663 'ut

427 1686 653 1747 auxilia
685 1685 997 1764 peditatus
1034 1686 1464 1763 equitatusque
1496 1687 1758 1745 mittant.
1825 1687 1943 1746 His
1968 1688 2228 1764 cognitis
2251 1689 2439 1748 rebus

425 1793 556 1832 rem
614 1771 1076 1830 frumentariam
1118 1772 1436 1851 providet,
1497 1772 1716 1831 castris
1762 1772 2046 1831 idoneum
2089 1773 2291 1832 locum
2336 1773 2439 1833 de-

425 1858 593 1935 ligit,
639 1857 819 1916 Ubiis
862 1857 1150 1935 imperat,
1208 1865 1276 1916 ut
1320 1877 1571 1935 pecora·
1606 1857 1916 1917 deducant
1961 1877 2193 1933 suaque
2240 1859 2441 1918 omnia

428 1963 505 2004 ex
564 1943 727 2020 agris
780 1942 845 2002 in
902 1943 1127 2022 oppida
1186 1942 1521 2017 conferant,
1582 1962 1836 2022 sperans
1894 1944 2192 2006 barbaros
2254 1951 2436 2020 atque

424 2029 741 2106 imperitos
778 2028 1054 2088 homines
1087 2029 1293 2106 inopia
1329 2028 1694 2088 cibariorum
1729 2028 2029 2088 adductos
2066 2029 2145 2088 ad
2169 2029 2439 2106 iniquam

424 2112 741 2192 pugnandi
786 2114 1203 2173 condicionem
1245 2134 1429 2192 posse
1463 2114 1711 2189 deduci3
1760 2114 2027 2191 mandat,
2075 2123 2145 2174 ut
2192 2117 2439 2176 crebros

428 2201 846 2278 exploratores
901 2200 965 2258 in
1021 2199 1257 2260 Svevos
1315 2201 1589 2275 mittant,
1651 2220 1908 2276 quaeque
1970 2200 2134 2279 apud
2181 2221 2285 2260 eos
2332 2221 2438 2278 ge—

425 2293 657 2360 rantur,
706 2291 1095 2361 cognoscant.
1164 2285 1267 2345 Illi
1310 2285 1609 2363 imperata
1652 2285 1888 2345 faciunt
1946 2293 2007 2345 et
2045 2286 2266 2364 ‘paucis
2314 2286 2438 2346 die-

423 2373 545 2430 bus
587 2370 953 2429 intermissis
998 2370 1275 2430 referunt
1299 2370 1535 2431 Svevos
1582 2390 1811 2444 omneS,
1859 2378 2262 2448 posteaquam
2309 2391 2438 2430 cer-

424 2457 615 2517 tiores
696 2456 892 2514 nuntii
959 2456 1035 2514 de
1112 2456 1384 2516 exercitu
1448 2456 1863 2514 Romanorum
1928 2455 2233 2531 venerint,
2305 2476 2443 2517 cum

428 2542 709 2601 omnibus
754 2541 882 2600 suis
929 2542 1351 2617 sociorumque
1397 2541 1608 2619 copiis,
1680 2561 1834 2617 quas
1894 2541 2271 2617 coegissent,
2332 2562 2440 2621 pe·

424 2629 593 2686 nitus
661 2626 740 2685 ad
796 2634 1099 2686 extremos
1154 2626 1309 2686 fines
1370 2646 1437 2686 se
1493 2627 1802 2704 recepisse
1821 2647 1834 2701 ;
1895 2627 2113 2686 silvam
2174 2646 2310 2686 esse
2353 2627 2441 2686 ibi

423 2712 662 2772 infinita
694 2712 1127 2789 magnitudine,
1177 2733 1312 2789 quae
1350 2713 1696 2791 appellatur
1717 2713 2015 2786 Bacenis3
2064 2713 2222 2771 hanc
2256 2713 2438 2790 longe

425 2799 729 2857 introrsus
773 2798 1080 2877 pertinere
1150 2805 1211 2858 et
1265 2819 1375 2876 pro
1437 2799 1645 2858 nativo
1702 2818 1874 2857 muro
1934 2796 2236 2875 objectam
2284 2797 2438 2858 Ohe-

427 2903 644 2944 ruscos
690 2884 765 2942 ab
825 2883 1064 2958 SveviS,
1124 2883 1481 2960 Svevosque
1539 2885 1614 2942 ab
1665 2883 1989 2943 Cheruscis
2049 2881 2307 2961 [injuriis
2350 2885 2441 2943 in-

432 2967 953 3044 cursionibusque]
999 2970 1352 3047 prohibere3
1401 2970 1479 3029 ad
1526 2969 1659 3046 ejus
1703 2970 1943 3028 initium
1988 2969 2161 3030 silvae
2203 2969 2439 3030 Svevos

432 3055 762 3115 adventum
804 3055 1220 3114 Romanorum
1264 3062 1588 3132 expectare
1636 3055 2043 3114 constituisse.

601 3140 720 3199 XI.
792 3139 1092 3211 Quoniam
1138 3140 1215 3199 ad
1259 3141 1419 3199 hunc
1462 3141 1665 3199 locum
1707 3146 2068 3217 perventum
2127 3144 2249 3212 est,
2319 3158 2444 3198 non

436 3226 699 3285 alienum
744 3244 882 3285 esse
936 3226 1180 3286 videtur
1250 3225 1326 3300 de
1384 3225 1601 3284 Galliae
1651 3224 2115 3300 Germaniaeque
2171 3223 2441 3283 moribus

432 3317 510 3387 et,
559 3331 677 3387 quo
725 3309 1015 3370 differant
1058 3312 1152 3370 hae
1198 3312 1475 3370 nationes
1522 3311 1681 3370 inter
1726 3328 1884 3384 sese,
1930 3327 2294 3387 proponere.
2364 3308 2445 3368 In

434 3396 635 3456 Gallia
675 3417 800 3456 non
844 3397 1041 3456 solum
1062 3397 1126 3455 in
1150 3397 1429 3456 omnibus
1454 3396 1805 3457 civitatibus
1842 3401 2024 3470 atque
2060 3395 2126 3453 in
2163 3395 2441 3454 omnibus

429 3483 607 3560 pagis
650 3482 1070 3559 partibusque,
1119 3482 1231 3542 sed
1273 3502 1449 3559 paene
1496 3483 1676 3541 etiam
1719 3481 1783 3540 in
1841 3480 2099 3557 singulis
2161 3479 2442 3540 domibus

430 3566 730 3627 factiones
778 3575 948 3642 sunt;
999 3587 1325 3644 earumque
1368 3567 1706 3627 factionum
1748 3566 2057 3645 principes
2105 3572 2280 3641 sunt,
2341 3565 2444 3642 qui

434 3672 731 3712 summam
776 3653 1202 3712 auctoritatem
1237 3673 1443 3712 eorum
1469 3652 1704 3728 judicio
1739 3653 1965 3711 habere
2002 3652 2442 3726 existimantur,

433 3758 687 3815 quorum
731 3737 810 3797 ad
833 3739 1152 3798 arbitrium
1182 3737 1605 3815 judiciumque
1647 3758 1884 3797 summa
1929 3738 2194 3796 omnium
2236 3755 2442 3794 rerum

433 3824 941 3899 consiliorumque
997 3824 1236 3899 redeat3
1294 3824 1478 3899 idque
1537 3823 1670 3900 ejus
1734 3823 1823 3883 rei
1880 3841 2065 3882 causa
2110 3821 2444 3895 antiquitus

431 3910 779 3968 institutum
822 3910 1085 3984 videtur,
1130 3929 1208 3968 ne
1254 3909 1390 3984 quis
1437 3929 1513 3969 ex
1556 3909 1734 3986 plebe
1782 3915 1993 3967 contra
2037 3905 2446 3983 potentiorem

438 3995 647 4054 auxilii
702 4002 937 4071 egeret;
1009 4014 1154 4054 suos
1213 3995 1371 4054 enim
1428 3994 1688 4070 quisque
1745 3993 2004 4071 opprimi
2065 3998 2127 4050 et
2185 3991 2441 4049 circum-

433 4080 627 4139 veniri
684 4100 807 4139 non
859 4081 1118 4159 patitur3
1167 4099 1395 4155 neque,
1457 4079 1634 4138 aliter
1679 4079 1731 4138 si
1775 4077 1994 4152 faciat,
2049 4076 2234 4134 ullam
2277 4076 2445 4134 inter
