2967 4609
240 344 281 401 26
557 335 610 387 DE
628 333 757 388 BELLO
776 334 955 397 GALLICQ

241 552 299 607 qno
332 532 363 589 in
396 531 463 589 loco
492 530 635 589 Germani
664 529 875 603 consederant,
909 530 1032 587 circiter
1057 550 1169 607 passus
1199 550 1268 588 sex-

241 624 346 677 centos
380 617 418 675 ab
451 616 505 689 iis,
544 616 655 674 castris
688 616 831 674 idoneum
863 616 964 673 locum
996 615 1111 692 delegit
1143 618 1269 691 acieque

240 702 352 781 triplici
384 703 534 761 instructa
561 701 600 760 ad
628 721 696 759 eum
724 702 824 760 locum
854 702 946 761 venit.
1001 702 1135 759 Primam
1163 710 1194 760 et
1221 722 1269 761 se·

241 788 370 848 cundum
409 788 505 846 aciem
542 788 573 847 in
614 788 705 845 armis
740 807 825 861 esse,
863 788 985 845 tertiam
1018 795 1120 845 castra
1151 788 1270 847 munire

237 875 341 952 jussit.
390 873 450 931 Hic
473 874 558 932 locus
581 874 620 932 ab
642 873 730 931 hoste
754 873 877 931 circiter
897 892 1008 950 passus
1030 882 1202 947 sexcentoS,
1226 874 1272 931 uti

242 960 355 1019 dictum
378 969 435 1034 est,
459 960 573 1018 aberat.
629 959 676 1017 Eo
706 959 828 1018 circiter
854 959 1008 1016 hominum
1035 979 1160 1018 numero
1183 960 1270 1018 sede-

242 1046 300 1105 cim
327 1045 409 1104 milia
437 1044 577 1122 expedita
605 1064 674 1102 cum
700 1045 782 1103 omni
811 1045 948 1119 equitatu
975 1044 1148 1103 Ariovistus
1177 1046 1270 1118 misit,

243 1152 310 1209 quae
344 1131 439 1208 copiae
477 1138 599 1189 nostros
631 1138 838 1207 perterrerent
870 1139 902 1188 et
933 1131 1099 1189 munitione
1130 1132 1272 1208 prohibe-

242 1226 319 1277 rent
375 1216 477 1276 Nihilo
511 1217 610 1274 secius
641 1214 756 1290 Gaesar,
789 1223 823 1273 ut
850 1224 921 1274 ante
949 1217 1159 1291 constituerat,
1194 1216 1271 1275 duas

244 1304 324 1363 acies
356 1303 476 1361 hostem
504 1302 693 1379 propulsare,
727 1302 849 1360 tertiam
881 1321 958 1379 opus
990 1300 1138 1379 perficere
1166 1302 1270 1378 jussit.

243 1389 368 1447 Munitis
407 1388 517 1446 castris
556 1388 632 1445 duas
672 1389 715 1446 ibi
752 1388 889 1464 legiones
926 1388 1050 1463 reliquit
1088 1396 1119 1446 et
1155 1396 1274 1465 partem

244 1475 436 1545 auxiliorum
461 1482 603 1549 quattuor
623 1474 758 1549 reliquas
780 1474 812 1532 in
834 1483 936 1531 castra
956 1473 1072 1549 majora
1092 1474 1224 1533 reduxit.

329 1560 366 1617 L.
421 1559 561 1617 Proximo
601 1559 650 1617 die
688 1560 828 1618 instituto
867 1579 923 1617 suo
962 1559 1067 1617 Caesar
1105 1580 1123 1617 e
1163 1560 1274 1618 castris

244 1645 382 1720 utrisque
421 1644 524 1722 copias
566 1664 638 1703 suas
677 1644 805 1719 eduxit,
835 1645 1020 1722 paulumque
1058 1666 1076 1703 a
1109 1646 1274 1722 majoribus

245 1732 355 1790 castris
388 1751 570 1808 progressus
610 1732 706 1789 aciem
743 1732 901 1804 instruxit;
941 1732 1080 1790 hostibus
1119 1730 1275 1810 pugnandi

244 1824 427 1895 potestatem
470 1815 553 1875 fecit.
619 1816 681 1875 Ubi
724 1838 764 1895 ne
801 1824 866 1874 tum
904 1817 1026 1891 quidem
1063 1838 1116 1876 eos
1153 1817 1276 1895 prodire

244 1903 404 1979 intellexit,
438 1902 560 1961 circiter
586 1902 742 1961 meridiem
771 1903 936 1961 exercitum
962 1904 994 1961 in
1023 1911 1124 1961 castra
1146 1903 1275 1961 reduxit.

246 1988 323 2047 'Ihun
356 1988 476 2046 demum
503 1988 677 2047 Ariovistus
706 1996 825 2065 partem
855 2008 978 2046 suarum
1011 1990 1174 2067 copiarum,
1208 2008 1276 2063 quae

247 2082 348 2133 castra
391 2074 507 2131 minora
550 2082 756 2151 oppugnaret,
807 2074 899 2132 misit.
970 2074 1093 2133 Acriter
1135 2075 1277 2149 utrinque

246 2178 343 2235 usque
377 2158 416 2217 ad
448 2178 610 2236 vesperum
637 2167 805 2236 pugnatum
832 2166 888 2218 est.
945 2160 1024 2218 Solis
1060 2181 1172 2219 occasu
1205 2178 1277 2218 suas

248 2245 351 2323 copiae
384 2244 558 2303 Ariovistus
596 2245 700 2303 multis
741 2251 773 2304 et
808 2246 903 2303 illatis
941 2254 973 2304 et
1005 2248 1140 2324 acceptia
1173 2246 1278 2305 vulne-

247 2332 332 2390 ribus
365 2330 397 2389 in
430 2337 532 2389 castra
563 2330 694 2389 reduxit.
760 2331 860 2402 Quum
893 2352 931 2390 ex
964 2332 1094 2409 captivis
1129 2338 1279 2407 quaereret

249 2415 368 2493 Caesar,
408 2436 498 2492 quam
537 2417 575 2475 ob
616 2437 680 2475 rem
719 2417 895 2477 Ariovistus
934 2418 1042 2495 proelio
1080 2439 1141 2476 non
1175 2417 1278 2475 decer-

249 2510 344 2579 taret,
383 2501 461 2561 hanc
494 2503 666 2580 reperiebat
700 2523 838 2579 causam,
879 2503 961 2579 quod
995 2504 1076 2582 apud
1110 2504 1278 2562 Germanos

249 2609 285 2647 ea
318 2587 505 2649 consvetudo
533 2596 624 2665 esset,
658 2596 692 2647 ut
719 2598 833 2649 matres
860 2588 984 2648 familiae
1013 2610 1116 2648 eorum
1145 2590 1279 2648 sortibus

249 2682 280 2733 et
319 2673 586 2733 vaticinationibus
626 2675 832 2751 declararent,
877 2683 979 2733 utrum
1016 2676 1157 2754 proelium
1200 2694 1279 2733 com-

248 2760 341 2818 mittti
375 2779 412 2817 ex
441 2778 499 2817 usu
528 2768 619 2835 esset,
652 2780 764 2834 necne,
800 2780 852 2819 eas
879 2762 924 2819 ita
952 2761 1067 2820 dicere:
1112 2760 1182 2819 Non
1211 2779 1280 2818 esse

248 2842 296 2903 fas
331 2844 498 2903 Germanos
532 2865 692 2923 superare,
732 2847 760 2904 ai
792 2854 863 2905 ante
895 2867 1005 2907 novam
1038 2847 1138 2905 lunam
1172 2845 1279 2924 proelio

191 2987 193 2992 .
251 2929 489 2989 contendissent.
775 2942 781 2951 ·

336 3016 390 3075 LI.
445 3016 597 3075 Postridie
631 3016 698 3094 ejus
733 3018 793 3077 diei
827 3016 932 3077 Caeser
963 3016 1107 3095 praesidio
1141 3016 1282 3092 utrisque

251 3102 370 3177 cestris,
402 3101 483 3177 quod
510 3103 585 3161 satis
613 3122 682 3161 esse
704 3104 805 3163 visum
827 3112 884 3179 est,
911 3104 1048 3179 reliquit;
1084 3122 1188 3161 omnes
1219 3102 1280 3160 ala-

250 3188 312 3247 rios
345 3188 377 3246 in
409 3196 575 3265 conspectu
613 3190 747 3248 hostium
779 3210 833 3267 pro
868 3190 977 3249 eastris
1011 3189 1177 3247 minoribus
1212 3208 1281 3246 con·

252 3272 364 3348 stituit,
405 3274 486 3349 quod
518 3275 618 3333 minus
650 3275 843 3334 multitudine
881 3276 1009 3335 militum
1049 3275 1282 3350 legionariorum

251 3379 306 3437 pro
345 3359 478 3418 hostium
515 3381 638 3420 numero
678 3362 811 3436 valebat,
856 3368 890 3419 ut
932 3360 972 3418 ad
1011 3361 1145 3437 speciem
1178 3359 1282 3419 alariis

251 3451 403 3519 uteretur;
444 3445 511 3523 ipse
550 3446 663 3523 triplici
695 3448 846 3505 instructa
879 3447 944 3505 acie
978 3465 1074 3520 usque
1110 3445 1149 3503 ad
1182 3452 1283 3503 caetra

251 3528 383 3588 hostium
428 3532 566 3590 accessit.
634 3532 711 3590 Tum
756 3532 876 3591 demum
919 3531 1092 3591 necessario
1139 3530 1283 3590 Germani

253 3635 325 3675 sues
349 3616 452 3694 copias
476 3617 585 3676 castris
609 3617 779 3676 eduxemmt
799 3617 1028 3694 generatimque
1050 3617 1282 3687 constituerim,

251 3702 376 3779 paribus
419 3700 589 3761 intervallis
633 3702 790 3776 Harudes,
835 3704 1082 3777 MarcomannOS,
1127 3703 1282 3776 Triboces,

252 3788 444 3864 Vangiones,
494 3787 653 3863 Nemetes,
706 3788 869 3866 Seducios,
919 3789 1052 3862 Svevos,
1108 3808 1284 3862 omnemque

253 3873 349 3933 aciem
388 3892 474 3932 suam
511 3873 593 3932 redis
628 3882 659 3933 et
692 3874 787 3932 carris
822 3874 1103 3948 circumdederunt,
1146 3894 1185 3932 ne
1225 3893 1285 3949 qua

253 3976 324 4035 spes
358 3958 389 4016 in
422 3958 495 4035 fuga
527 3958 757 4035 relinqueretur.
813 3960 860 4018 Εο
892 3960 1035 4019 mulieres
1065 3959 1283 4037 imposuerunt,
