2967 4609
259 344 321 402 160
564 337 617 390 DE
634 337 761 392 BELLO
781 337 950 392 GALLIGO

259 531 420 590 amicitiam
433 531 645 609 ¹finitimasque
669 532 809 592 civitates
843 534 908 594 sine
936 533 998 592 ulla
1020 554 1110 611 poena
1133 533 1257 592 dedisse

159 657 164 665 -
259 616 382 676 obsides
406 625 496 693 atque
518 619 550 678 iu
570 617 663 678 fidem
684 626 824 696 receptas
848 638 926 694 esse,
949 618 1030 678 idem
1052 619 1200 679 fecerunt.

342 704 389 762 IV
393 749 398 761 .
445 703 549 764 Caesar
569 705 715 772 militibus
738 726 794 782 pro
816 712 901 763 tanto
923 705 1028 764 labore
1045 726 1079 765 ac
1098 705 1257 784 patientia,
1311 771 1313 774 ,

258 789 309 864 qui
332 789 520 850 brumalibus
543 790 660 866 diebus,
684 791 844 850 itineribus
867 789 1064 866 difficillimis,
1089 790 1259 870 frigoribus

154 952 158 961 .
260 874 459 934 intolerandis
493 877 715 937 studiosissime
748 883 979 954 permanserant
1005 877 1037 935 in
1065 878 1178 952 labore,
1202 877 1258 935 du-

258 980 349 1020 cenos
380 963 548 1038 sestertios,
580 963 748 1021 centurioni
776 962 823 1020 bis
853 969 970 1020 tantum
992 983 1147 1022 nummum
1176 983 1257 1040 pree—

258 1045 305 1106 dae
328 1047 449 1105 nomine
483 1046 742 1120 [condonaturum]
775 1048 945 1126 pollicetur,
973 1048 1203 1126 legionibusque
1225 1049 1259 1106 in

144 1150 146 1153 ·
256 1131 383 1191 hiberna
404 1134 540 1192 remissis
562 1134 629 1211 ipse
652 1154 685 1193 se
714 1135 823 1211 recipit
845 1133 893 1192 die
915 1133 984 1192 XL.
1008 1135 1161 1194 Bibracte.
1206 1133 1259 1194 Ibi

258 1236 350 1291 quum
368 1218 421 1295 jus
456 1219 585 1293 diceret,
619 1220 775 1296 Bituriges
810 1219 848 1278 ed
882 1239 950 1278 eum
983 1220 1101 1297 legatos
1134 1221 1260 1279 mittunt

257 1303 402 1362 auxilium
423 1305 552 1381 petitum
575 1314 680 1365 contra
706 1305 865 1379 Carnutes,
890 1325 965 1381 quos
988 1306 1128 1366 intulisse
1144 1306 1259 1365 bellum

257 1390 316 1447 sibi
339 1391 550 1466 querebantur.
597 1390 665 1462 Qua
685 1411 718 1450 re
742 1392 873 1468 cognita,
897 1411 990 1466 quum
1012 1391 1078 1451 dies
1106 1411 1166 1452 non
1195 1413 1258 1450 am-

257 1475 339 1552 plius
370 1475 402 1532 X
435 1482 467 1535 et
499 1476 582 1536 VIII
603 1478 635 1536 in
656 1478 791 1536 hibernis
825 1485 908 1537 esset
940 1485 1091 1553 moratae,
1121 1478 1258 1554 legiones

256 1560 344 1619 XIV.
358 1560 455 1620 etVI.
476 1581 513 1620 ex
535 1563 669 1622 hibernis
692 1564 730 1622 ab
748 1563 845 1621 Arare
869 1563 978 1638 educit,
1003 1583 1078 1639 quas
1100 1563 1143 1622 ibi
1166 1563 1257 1622 collo-

260 1651 345 1704 catas
368 1648 556 1724 explicanda
578 1649 621 1708 rei
643 1648 850 1709 frumentariae
874 1667 968 1708 causa
997 1649 1153 1727 superiore
1176 1667 1257 1707 com-

256 1733 403 1792 mentario
427 1733 665 1794 demonstratum
687 1743 744 1794 est.
780 1735 830 1793 Ita
853 1755 920 1793 oum
944 1734 1062 1794 duabus
1085 1734 1258 1812 legionibus

258 1817 298 1876 ad
319 1820 548 1895 persequendos
572 1820 721 1880 Carnutes
744 1819 956 1898 proficiscitur.

144 1984 148 1990 ¹
342 1905 379 1962 V.
427 1905 527 1976 Quum
549 1906 631 1965 fama
653 1907 806 1966 exercitus
829 1906 868 1964 ad
890 1907 994 1965 hostes
1024 1914 1107 1966 esset
1128 1905 1257 1984 perlata,
1337 1935 1349 1956 ο

258 1989 429 2049 calamitate
452 1999 621 2052 ceterorum
650 1993 732 2051 docti
761 1992 910 2051 Carnutes
940 1991 1070 2051 desertis
1098 1991 1174 2050 vicis
1204 2012 1259 2069 op-

257 2073 408 2151 pidisque,
444 2097 511 2152 quae
544 2079 710 2137 tolerandae
744 2078 852 2137 hiemis
887 2097 979 2136 causa
1007 2077 1180 2137 constitutis
1210 2097 1259 2136 re·

258 2166 350 2236 pente
373 2162 489 2239 exiguis
520 2163 559 2222 ad
586 2164 802 2223 necessitatem
833 2162 969 2222 aedificiis
996 2163 1170 2223 incolebant
1192 2161 1259 2232 (nu-

258 2265 314 2323 per
343 2247 422 2306 enim
451 2247 562 2308 devicti
593 2250 747 2327 complura
776 2249 887 2327 oppida
916 2248 1101 2324 amiserant),
1126 2249 1259 2326 dispersi

258 2330 445 2430 profugiunt.
513 2334 617 2394 Gaesar
658 2342 851 2412 erumpentes
892 2354 926 2412 eo
960 2334 1088 2394 maxime
1121 2341 1259 2433 tempore

259 2418 421 2478 acerrimas
438 2428 638 2499 tempestates
657 2442 749 2497 quum
769 2421 870 2480 subire
890 2405 1001 2479 milltes
1025 2420 1161 2495 nollet,'
1153 2439 1184 2478 m
1204 2441 1259 2497 op-

257 2503 329 2580 pido
353 2504 519 2565 Carnutum
532 2507 657 2567 Genabo
681 2515 783 2567 castra
804 2507 890 2584 ponit
913 2507 1057 2581 atquem
1084 2512 1166 2564 tecte
1187 2525 1259 2582 par-

258 2589 313 2647 tim
336 2589 501 2667 Gallorum,
524 2575 635 2670 partim
658 2613 725 2669 quae
750 2592 886 2652 collectis
916 2592 1054 2651 celeriter
1083 2593 1260 2651 stramentis

259 2671 466 2746 [tentoriorum
486 2679 718 2755 integendorum
738 2675 847 2756 gratia]
871 2685 958 2737 erant
973 2676 1163 2753 inaedificata,
1181 2677 1260 2736 mili-

258 2768 306 2819 tes
329 2762 474 2837 conjecit,
499 2765 616 2839 equites
638 2772 740 2824 tamen
764 2772 795 2824 et
817 2763 991 2823 auxiliarios
1009 2763 1155 2840 pedites
1146 2783 1178 2822 m
1196 2783 1259 2822 om-

259 2864 315 2904 nes
336 2854 441 2924 partes
463 2850 566 2926 mittit,
591 2870 788 2926 quascunque
810 2850 925 2928 petisse
942 2848 1121 2908 dicebantur
1141 2849 1259 2923 hostes,

258 2949 314 2989 nec
337 2931 466 3007 frustra3
490 2955 561 2993 nam
582 2936 762 3014 plerumque
785 2955 895 3014 magne.
916 2935 1021 3012 praeda
1051 2934 1139 3013 potiti
1161 2935 1260 2994 nostri

257 3025 459 3078 revertuntur.
506 3020 654 3100 Oppressi
677 3021 826 3081 Carnutes
854 3021 961 3080 hiemis
984 3019 1173 3096 difficultate,
1197 3026 1259 3078 ter-

258 3122 325 3162 rore
354 3106 491 3182 periculi,
526 3127 616 3183 quum
649 3109 739 3167 tectis
774 3106 890 3185 expulsi
933 3105 1016 3164 nullo
1048 3106 1115 3164 loco
1145 3105 1261 3174 diutius

259 3189 425 3250 consistere
463 3192 611 3252 auderent
599 3203 695 3253 tneo
724 3194 869 3254 silvarum
896 3191 1039 3270 praesidio
1069 3191 1258 3269 tempestati-

258 3274 497 3336 busdurissimis
520 3280 582 3356 tegi
604 3287 741 3358 possent,
766 3279 895 3356 dispersi
917 3297 1028 3354 magna
1039 3285 1126 3354 parte
1145 3277 1262 3338 amissa

260 3379 382 3420 suorum
406 3362 624 3442 dissipantur'
615 3386 646 3424 m
669 3365 813 3424 finitimas
837 3363 986 3424 civitatee.

344 3447 400 3506 VI
447 3447 551 3509 Gaesar
583 3459 720 3529 tempore
751 3450 820 3510 anni
854 3447 1031 3508 difficillimo
1066 3467 1158 3524 quum
1182 3425 1260 3506 satis

259 3531 386 3590 baberet
408 3536 623 3597 convenientes
644 3557 752 3596 manus
776 3535 939 3634 dissipare
968 3553 1006 3593 ne
1036 3534 1118 3612 quod
1140 3533 1260 3592 initium

259 3616 331 3675 belli
356 3629 542 3697 nasceretur,
567 3631 771 3699 quantumque
794 3622 826 3680 in
847 3621 965 3679 ratione
994 3627 1086 3692 esset,
1118 3618 1257 3698 explora·

259 3710 324 3760 tum
356 3704 483 3764 haberet
515 3709 572 3766 sub
606 3717 725 3787 tempus
756 3707 931 3766 aestivorum
960 3706 1077 3765 nullum
1109 3725 1260 3764 summum

260 3787 372 3848 bellum
404 3811 496 3868 posse
530 3792 663 3870 conflari,
693 3795 730 3854 G.
751 3792 932 3852 Trebonium
966 3809 1034 3850 eum
1062 3791 1098 3850 H
1133 3789 1259 3870 legioni-

259 3873 327 3949 bus,
351 3896 427 3973 quas
450 3897 553 3937 secum
580 3880 728 3955 habebat,
758 3879 790 3937 in
817 3877 952 3937 hibernis
980 3877 1100 3935 Genabi
1129 3876 1259 3935 colloca-

260 3959 318 4033 vit3
353 3962 420 4038 ipse
454 3984 546 4038 quum
580 3966 695 4025 crebris
721 3925 926 4042 legationibus
948 3963 1113 4022 Remorum
1147 3960 1260 4022 certior

260 4004 347 4102 ficiet
375 4046 566 4124 Bellovacos,
602 4051 654 4126 qni
686 4051 760 4110 belli
794 4049 891 4126 gloria
919 4047 1025 4108 Gallos
1055 4067 1158 4107 omnes
1185 4047 1259 4106 Bel-
