2967 4609
271 376 309 433 12
582 366 635 421 DE
653 366 781 421 BELLO
801 366 981 423 GALLIOO.

265 562 329 623 cari
368 558 413 634 [00
445 569 544 621 totum
583 570 717 620 montem
756 560 928 620 hominibus
962 560 1116 640 compleri]
1158 570 1188 621 et
1220 563 1301 623 inter

266 668 302 707 ea
329 648 465 706 sarcinas
494 647 525 705 in
555 667 649 706 unum
676 646 779 705 locum
808 647 940 705 conferri
969 655 1000 706 et
1023 667 1093 707 eum
1115 649 1152 707 ab
1175 648 1223 723 iis,
1247 649 1300 725 qui

265 734 296 792 in
330 733 486 811 superiore
520 732 584 792 acie
618 730 829 807 constiterant,
863 732 974 791 muniri
1002 732 1109 810 jussit.
1164 732 1301 793 Helvetii

265 838 335 877 cum
368 819 508 877 omnibus
542 818 606 879 suis
640 817 736 877 carris
770 817 868 877 secuti
900 817 1118 895 impedimenta
1146 819 1179 877 in
1206 839 1300 879 unum

265 904 366 963 locum
389 904 597 977 contulerunt,
625 902 686 980 ipsi
714 903 940 962 confertissima
969 904 1034 963 0010
1056 903 1172 980 rejecto
1193 913 1299 965 nostro

266 990 404 1065 equitatu
443 988 595 1066 phaiange
632 988 717 1047 sacta
761 989 818 1047 sub
858 988 987 1066 primam
1028 997 1165 1049 nostram
1204 990 1301 1050 aciem

265 1082 492 1136 successerunt.
774 1130 778 1137 .

351 1159 454 1219 XXV.
503 1156 607 1218 Oaesar
627 1159 759 1238 primum
782 1178 848 1232 suo,
881 1159 990 1219 deinde
1013 1160 1146 1218 omnium
1168 1180 1206 1219 ex
1229 1179 1300 1219 con·

266 1252 374 1324 spectu
403 1244 527 1304 remotis
555 1244 651 1321 equis,
685 1252 720 1303 ut
749 1252 869 1320 aequato
899 1245 1033 1304 omnium
1055 1245 1190 1323 periculo
1213 1265 1301 1323 spem

265 1330 348 1408 fugae
382 1330 512 1405 tolleret,
546 1330 723 1389 cohortatus
759 1349 831 1388 suos
863 1329 1004 1408 proelium
1031 1332 1192 1390 commisit.
1242 1331 1300 1389 Mi-

265 1416 336 1475 lites
370 1435 386 1475 e
419 1416 486 1478 1000
519 1416 675 1493 superiore
707 1414 790 1493 pih's
812 1415 915 1475 missis
945 1415 1036 1475 facile
1062 1416 1197 1476 hostium
1223 1416 1299 1495 pha·

265 1502 386 1579 langem
414 1498 637 1578 perfregerunt.
693 1500 740 1559 Ea
774 1500 904 1577 disjecta
937 1500 1048 1578 gladiis
1081 1502 1236 1561 destrictis
1268 1502 1301 1561 11

267 1606 320 1647 100
348 1588 497 1665 impetum
525 1585 674 1645 fecerunt.
732 1585 831 1645 Gallis
864 1599 974 1663 magno
1004 1586 1044 1646 ad
1070 1602 1206 1665 pugnam
1233 1593 1300 1646 erat

265 1672 491 1751 impedimentO,
526 1670 608 1747 quod
640 1671 780 1749 pluribus
814 1690 918 1730 eorum
952 1672 1048 1732 scutis
1075 1692 1135 1731 uno
1164 1674 1228 1732 ictu
1255 1672 1300 1750 pi-

265 1758 364 1817 lorum
397 1756 553 1816 transfixis
582 1764 613 1816 et
642 1757 804 1833 colligatis,
839 1777 933 1832 quum
961 1756 1077 1817 ferrum
1106 1778 1140 1817 se
1166 1756 1300 1819 inflexis·

267 1851 324 1919 set,
358 1862 457 1918 neque
490 1842 622 1903 evellere
654 1861 754 1918 neque
787 1842 912 1902 sinistra
938 1843 1086 1921 impedita
1116 1844 1192 1903 satis
1220 1864 1300 1902 com-

266 1928 355 1987 mode
388 1947 525 2006 pugnare
558 1934 715 2005 poterant,
756 1928 844 1987 multi
876 1936 911 1986 ut
944 1928 997 1987 diu
1029 1928 1142 1988 iactato
1175 1928 1300 1987 brachio

266 2020 474 2092 praeoptarent
518 2020 640 2071 scutum
678 2032 770 2071 manu
808 2014 947 2073 emittere
987 2021 1018 2072 et
1058 2012 1139 2072 nudo
1174 2032 1301 2091 corpore

266 2118 413 2177 pugnare.
470 2097 605 2157 Tandem
638 2098 816 2158 vulneribus
844 2097 959 2158 defessi
987 2106 1018 2157 11
1045 2098 1157 2176 pedem
1185 2099 1301 2157 referre

268 2192 308 2260 et,
338 2183 420 2261 quod
443 2202 530 2242 mons
555 2185 680 2242 suberat
703 2183 824 2243 circiter
846 2183 928 2242 mille
949 2202 1097 2261 passuum
1120 2184 1230 2262 spatio,
1265 2204 1300 2243 eo

267 2288 301 2329 00
324 2269 459 2347 recipere
482 2276 649 2346 coeperunt.
692 2268 789 2348 Capto
812 2277 915 2328 monte
938 2278 969 2328 et
991 2269 1225 2329 succedentibus
1248 2289 1301 2328 no-

267 2355 340 2415 stris
362 2353 434 2430 Boji
464 2361 495 2413 et
517 2354 649 2431 Tulingi,
684 2356 736 2430 qui
764 2355 919 2415 hominum
947 2354 1071 2415 milibus
1099 2356 1220 2414 circiter
1241 2354 1304 2414 XV

268 2461 377 2517 agmen
409 2439 543 2499 hostium
576 2439 765 2501 claudebant,
789 2447 820 2499 et
847 2440 1006 2501 novisimis
1033 2440 1177 2518 praesidio
1206 2447 1302 2515 erant,

267 2546 305 2587 ex
338 2526 446 2585 itinere
479 2533 602 2584 nostros
635 2526 732 2585 latere
766 2534 872 2604 aperto
901 2526 1040 2604 aggressi
1074 2525 1302 2601 circumvenire,

267 2618 298 2671 et
331 2611 363 2669 id
397 2610 565 2688 conspicati
597 2610 742 2687 Helvetii,
778 2612 830 2687 qui
862 2612 893 2670 in
921 2619 1055 2672 montem
1084 2631 1152 2671 sese
1180 2630 1303 2689 recepe·

164 2749 169 2761 ,
266 2704 346 2771 rant,
380 2714 488 2753 rursus
520 2696 636 2755 instare
669 2705 700 2755 11
726 2697 870 2774 proelium
884 2696 1106 2778 ,redintegrare
1134 2705 1302 2774 coepenmt.

266 2780 398 2841 Romani
431 2800 579 2841 conversa
612 2781 699 2859 signa
730 2781 877 2860 bipertito
915 2782 1099 2855 intuleram,
1138 2782 1237 2859 prima
1271 2788 1304 2839 et

268 2865 403 2927 secunda
436 2866 526 2941 acies,
560 2874 596 2925 ut
623 2866 715 2927 victis
744 2886 779 2926 ac
810 2867 970 2925 summotis
997 2866 1164 2942 resisteret,
1199 2866 1301 2940 tertia,

267 2960 303 3011 ut
324 2951 483 3013 venientes
507 2952 683 3011 sustineret.

353 3036 475 3096 XXVI.
509 3037 561 3096 Ita
584 3037 708 3115 ancipiti
730 3036 837 3115 proelio
861 3036 913 3095 diu
936 3044 1029 3113 atque
1052 3037 1164 3095 acriter
1185 3056 1303 3114 pugna-

268 3130 333 3181 tum
357 3128 424 3201 ¹est.
485 3121 610 3182 Diutius
652 3142 746 3198 quum
780 3121 932 3180 sustinere
964 3129 1138 3181 nostrorum
1170 3121 1304 3199 impetus

265 3228 328 3267 non
360 3215 496 3287 possent,
532 3208 619 3267 alteri
653 3227 696 3283 se,
730 3214 765 3266 ut
799 3213 964 3285 coeperant,
998 3207 1030 3266 in
1059 3215 1193 3266 montem
1220 3226 1303 3265 rece-

266 3301 387 3373 penmt,
422 3293 511 3353 alteri
544 3293 584 3353 ad
610 3292 828 3370 impedimenta
856 3300 886 3351 et
918 3312 1022 3352 carros
1045 3312 1174 3352 0110000
1197 3299 1303 3351 contu-

267 3379 383 3452 lerunt3
423 3398 494 3437 nam
527 3378 584 3436 hoc
612 3385 678 3436 toto
706 3378 825 3455 proelio,
867 3398 960 3455 quum
994 3379 1032 3437 ab
1065 3378 1141 3438 hora
1174 3378 1304 3456 septima

268 3463 307 3522 ad
330 3483 494 3541 vesperum
515 3470 685 3540 pugnatum
708 3464 759 3538 sit,
783 3483 924 3523 aversum
945 3464 1066 3523 hostem
1087 3463 1193 3524 videre
1214 3482 1303 3522 nemo

267 3550 377 3627 potuit.
422 3548 474 3607 Ad
501 3547 628 3607 multam
657 3555 780 3608 noctem
808 3549 900 3607 etiam
928 3548 968 3608 ad
989 3549 1207 3628 impedimenta
1227 3568 1304 3626 pug·
1380 3548 1383 3551 ’

267 3641 374 3694 natum
407 3640 469 3707 est,
504 3641 667 3711 propterea
701 3634 783 3709 quod
811 3654 867 3712 pro
896 3634 977 3695 vallo
1001 3654 1104 3694 carros
1128 3633 1305 3710 objecerant

269 3727 300 3779 et
329 3740 345 3779 e
372 3719 440 3779 1000
468 3719 626 3796 superiore
658 3719 690 3777 in
722 3727 845 3779 nostros
878 3720 1037 3781 venientes
1069 3720 1133 3779 teia
1161 3718 1303 3795 conjicie-

267 3806 342 3864 bant
376 3813 407 3865 et
433 3802 571 3862 nonnulli
598 3805 678 3863 inter
706 3824 811 3864 carros
838 3804 990 3882 redasque
1018 3813 1153 3866 mataras
1184 3824 1219 3864 ac
1242 3811 1304 3862 tra-

267 3889 358 3967 gulas
391 3887 595 3965 subjiciebant
627 3896 811 3966 nostrosque
843 3890 1056 3951 vulnerabant.
1115 3890 1178 3948 Diu
1212 3909 1305 3965 quum

269 3982 352 4035 esset
384 3980 571 4054 pugnatum,
610 3975 835 4052 impedimentis
875 3977 1046 4051 castrisque
1085 3976 1183 4034 nostri
1215 3975 1305 4053 potiti

268 4067 349 4120 sunt.
405 4059 455 4119 Ibi
489 4057 679 4137 Orgetorigis
711 4060 775 4120 iilia
808 4069 899 4136 atque
932 4080 1013 4119 unus
1046 4080 1062 4119 1
1094 4058 1165 4118 filiis
1195 4067 1305 4138 captus
