2967 4609
294 335 354 399 152
607 333 660 386 00
677 305 805 388 nabao
824 331 1001 387 0000100.

291 549 372 588 mam
395 529 571 588 servitutem
594 527 756 587 deditionis
778 527 898 587 nomine
922 527 1085 606 appellant,
1114 543 1212 604 neque
1234 530 1297 590 hos
1332 559 1334 562 ’

291 614 449 674 habendos
472 614 583 674 civium
616 614 683 672 loco
716 633 815 689 neque
850 613 887 672 ad
917 614 1075 673 consilium
1103 613 1294 676 adhibendos

295 719 414 759 censeo.
461 698 536 758 Cum
558 699 596 757 iis
617 699 690 758 milri
713 719 764 758 res
786 699 835 774 sit,
860 700 911 774 qui
940 699 1128 778 eruptionem
1149 693 1290 780 probant,v

293 805 420 862 quorum
442 785 474 843 in
496 785 621 844 oonsilio
651 787 783 843 omnium
811 791 946 845 vestrum
975 805 1125 850 consensu
1152 787 1291 865 pristinae

291 871 428 930 residere
449 871 573 930 virtutis
602 871 746 930 memoria
776 871 905 930 videtur.
934 871 1036 930 Animi
1067 879 1115 931 est
1130 873 1193 932 ista
1217 872 1292 932 mol-

293 957 367 1032 litia,
406 976 467 1015 non
494 957 608 1031 virtus,
642 957 799 1035 paulisper
832 957 964 1034 inopiam
992 957 1072 1016 ferre
1100 979 1161 1017 non
1188 977 1289 1039 posse.

292 1043 352 1114 Qui
375 1061 408 1102 se
430 1041 510 1100 ultro
532 1042 622 1100 morti
645 1041 786 1117 offerant,
814 1041 936 1102 facilius
964 1044 1171 1120 reperiuntur,
1189 1060 1291 1119 ‘quam

293 1129 345 1204 qui
378 1127 512 1186 dolorem
545 1128 697 1205 patienter
728 1127 839 1186 ferant.
895 1129 998 1204 Atque
1031 1149 1087 1206 ego
1115 1130 1191 1188 hauc
1220 1149 1291 1188 sen-

291 1213 417 1274 tentiam
438 1214 600 1290 probarem
622 1213 751 1283 (tantum
775 1213 855 1290 apud
883 1234 931 1272 me
955 1213 1087 1291 dignitas
1116 1213 1237 1294 potest),
1262 1215 1291 1274 01

291 1299 406 1358 nullam
427 1305 631 1376 praeterquam
652 1299 724 1359 vitae
746 1307 860 1358 nostrae
879 1299 1032 1376 jacturam
1052 1299 1116 1360 fieri
1138 1299 1289 1375 viderem3

291 1384 400 1444 sedin
434 1384 558 1443 consilio
593 1384 740 1462 capiendo
775 1405 892 1444 omnem
916 1385 1047 1459 Gallam
1078 1386 1289 1462 0000100000,

292 1490 383 1546 quam
405 1469 444 1528 ad
470 1477 608 1528 nostrum
635 1471 779 1529 auxilium
807 1472 1034 1532 concitavimus.
1085 1469 1165 1542 Quid
1194 1472 1291 1530 homi-

292 1576 364 1613 num
397 1555 519 1614 milibus
552 1555 678 1614 LXXX
715 1577 774 1615 000
808 1557 875 1615 1000
908 1557 1077 1616 interfectis
1109 1557 1289 1634 propinquis

281 1641 583 1718 consangvineisque
605 1642 718 1701 nostris
740 1642 831 1702 animi
853 1641 918 1702 fore
941 1643 1129 1718 existimatis,
1153 1644 1179 1701 si
1200 1663 1290 1720 paene

290 1727 323 1785 in
351 1728 426 1804 ipsis
455 1727 656 1788 cadaveribus
683 1728 790 1804 proelio
821 1727 977 1788 decertare
1006 1728 1174 1805 cogentur?
1224 1729 1291 1788 No*

290 1811 344 1871 lite
375 1813 432 1872 hos
464 1820 568 1873 vestro
602 1814 714 1873 auxilio
745 1814 907 1892 expoliare,
943 1813 994 1889 qui
1027 1821 1141 1875 vestrae
1176 1815 1288 1874 salutis

291 1918 384 1958 00000
405 1918 493 1957 suum
514 1900 683 1976 periculum
704 1900 913 1976 neglexerunt,
937 1919 992 1985 000
1021 1900 1151 1969 stultitia
1179 1921 1215 1958 ac
1243 1907 1290 1959 te-

290 1984 429 2043 meritate
450 1991 556 2044 vestra
583 1993 637 2044 001
663 1985 754 2044 animi
781 1985 987 2045 imbecillitate
1015 2005 1134 2045 omnem
1158 1985 1290 2046 Galliam

290 2076 484 2146 prosternere
519 2077 550 2128 et
575 2078 731 2148 perpetuae
762 2071 900 2130 servituti
930 2070 1080 2130 addicere.
1124 2071 1184 2148 An,
1207 2073 1289 2148 quod

291 2153 331 2212 ad
353 2154 432 2214 diem
453 2175 513 2212 000
535 2163 692 2230 venerunt,
716 2155 754 2213 de
777 2176 881 2215 eorum
891 2155 951 2214 fide
969 2158 1216 2232 cconstantiaque
1234 2159 1288 2216 du·

289 2239 415 2298 bitatis?
450 2239 531 2311 Quid
553 2241 644 2318 ergo?
673 2242 828 2300 Romanos
850 2241 882 2300 in
909 2241 969 2300 illis
999 2243 1192 2302 ulterioribus
1222 2265 1287 2302 mu-

285 2325 451 2384 nitionibus
474 2326 604 2385 animine
627 2347 720 2386 causa
749 2327 883 2403 quotidie
917 2329 1051 2388 exerceri
1079 2329 1217 2406 putatis?
1254 2329 1287 2388 si

285 2411 406 2470 illorum
427 2412 541 2471 nuntiis
564 2411 734 2472 confirmari
757 2433 817 2472 non
839 2414 968 2490 potestis
992 2414 1071 2474 omni
1095 2413 1180 2473 aditu
1207 2435 1288 2492 prae·

287 2503 393 2574 saepto,
427 2497 476 2556 his
508 2498 627 2558 utimini
660 2499 790 2558 testibus
826 2501 1067 2577 appropinquare
1102 2521 1204 2559 eorum
1234 2501 1289 2559 ad·

284 2591 421 2659 ventum,
456 2583 543 2661 cujus
576 2585 621 2643 rei
653 2585 761 2644 timore
790 2586 925 2644 exterriti
954 2585 1033 2644 diem
1054 2592 1233 2662 noctemque
1255 2587 1288 2646 in

287 2688 379 2746 opere
401 2676 572 2729 versantur.
619 2669 699 2740 Quid
722 2689 794 2748 ergo
816 2671 876 2729 mei
894 2671 1011 2730 consilii
1036 2671 1103 2730 est?
1158 2672 1284 2747 Facere,

287 2753 367 2829 quod
388 2755 486 2813 nostri
507 2755 638 2832 majores
671 2776 863 2831 nequaquam
895 2757 961 2834 pari
987 2757 1068 2816 bello
1098 2756 1287 2816 Cimbrorum

286 2839 517 2914 Teutonumque
544 2839 694 2916 10000001,
724 2842 776 2916 001
803 2841 835 2899 10
866 2843 977 2920 oppida
1005 2843 1153 2920 compulsi
1180 2863 1216 2902 ac
1245 2845 1287 2902 si-

285 2923 350 2982 mili
382 2923 484 3001 inopia
518 2927 638 2985 subacti
670 2946 775 2985 eorum
809 2929 1001 3004 corporibus,
1036 2929 1088 3004 qui
1122 2935 1211 2988 aetate
1246 2929 1287 2988 011

284 3095 425 3156 hostibus
448 3096 648 3156 tradiderrmt.
706 3097 801 3174 Cujus
829 3099 874 3158 rei
896 3100 923 3157 01
953 3101 1123 3177 exemplum
1149 3119 1209 3159 non
1231 3101 1286 3160 ha-

283 3181 434 3256 beremus,
447 3189 549 3241 tamen
570 3183 721 3244 libertatis
736 3203 829 3243 causa
851 3185 969 3243 institui
991 3193 1022 3245 et
1043 3186 1174 3264 posteris
1196 3187 1286 3263 prodi

283 3267 518 3344 pulcherrimum
540 3268 721 3344 judicarem.
773 3269 852 3328 Nam
891 3271 963 3346 quid
995 3271 1039 3329 illi
1072 3271 1169 3330 simile
1202 3273 1283 3331 bello

283 3351 362 3410 mit?
401 3353 595 3431 Depopulata
624 3353 724 3414 Gallia
753 3353 866 3414 Cimbri
894 3377 1064 3434 magnaque
1090 3357 1176 3416 illata
1204 3358 1288 3418 cala·

283 3437 388 3496 mitate
415 3437 528 3498 finibus
551 3440 674 3517 quidem
695 3441 809 3500 nostris
833 3441 996 3517 aliquando
1020 3451 1216 3503 excesserunt
1239 3452 1284 3502 01-

285 3542 344 3598 000
367 3524 442 3582 alias
464 3531 563 3584 terras
591 3526 760 3604 petierrmt5
788 3526 869 3603 jura,
897 3528 991 3605 leges,
1028 3548 1127 3606 agree,
1160 3528 1283 3588 liberta·

282 3615 345 3667 tem
366 3609 454 3668 nobis
477 3611 678 3687 reliquerunt;
713 3612 843 3672 Romani
870 3633 943 3673 vero
972 3614 1045 3690 quid
1071 3621 1179 3692 petunt
1201 3615 1284 3674 aliud

283 3701 336 3753 aut
359 3694 432 3770 quid
453 3696 569 3772 volrmt,
592 3697 653 3757 nisi
673 3697 790 3759 invidia
807 3697 939 3774 adducti,
964 3720 1040 3775 quos
1062 3698 1144 3760 fama
1165 3699 1285 3778 nobiles

282 3787 484 3857 potentesque
505 3782 586 3842 bello
610 3791 827 3860 cognoverunt,
861 3785 968 3843 horum
1000 3787 1032 3844 10
1065 3785 1147 3863 agris
1176 3786 1282 3846 civita-

215 3908 219 3917 »
282 3865 426 3941 tibusque
449 3867 608 3928 considere
632 3876 724 3944 atque
752 3869 799 3928 his
830 3877 974 3929 aeternam
1001 3871 1159 3948 injungere
1188 3872 1285 3931 servi-

281 3951 397 4010 tutem?
441 3951 550 4029 Neque
573 3953 652 4013 enim
673 3973 807 4029 unquam
830 3955 889 4014 alia
912 3956 1087 4016 condicione
1109 3957 1190 4015 bella
1212 3977 1282 4034 ges·

282 4045 395 4096 serimt.
448 4037 537 4109 Quod
565 4039 592 4098 si
621 4060 666 4116 ea,
689 4059 758 4116 quae
785 4040 816 4100 in
838 4041 1011 4117 longinquis
1035 4043 1207 4102 nationibus
1230 4063 1284 4119 ge·

1477 1621 1478 1670 1

1477 1783 1478 1832 1

1477 1845 1478 1874 1

1477 2719 1478 2764 1

1477 2765 1478 2828 1

285 3009 398 3068 bellum
419 3010 542 3070 inutiles
564 3011 756 3087 videbantur,
780 3012 874 3072 vitam
896 3014 1103 3075 toleraverunt
1129 3033 1228 3090 neque
1251 3035 1288 3074 se
