2967 4609
65 31 69 61 ι

65 69 68 136 ἔ

65 289 80 423 i

65 498 77 862 ἱ

1128 356 1367 411 LIBER
1401 358 1533 412 VII.
2181 374 2297 426 145

295 551 488 608 stium
533 550 831 629 legionem
877 551 1275 610 ostenderunt
1320 553 1612 629 signaque
1658 553 2008 614 intulerunt.
2105 558 2193 614 Ne
2237 578 2305 614 eo

300 636 547 710 quidem
580 645 865 715 ,tempore
911 638 1228 714 quisquam
1273 638 1406 697 loco
1463 639 1676 714 cessit,
1734 640 1843 698 sed
1903 641 2297 702 circumventi

303 739 510 782 omnes
568 723 991 799 interfectique
1050 731 1211 781 sunt.
1311 723 1587 783 Eandem
1645 724 1952 785 fortunam
2006 730 2145 786 tulit
2193 729 2305 786 Ua*

306 808 681 885 mulogenus.
771 811 858 867 At
901 810 961 884 ii,
1012 809 1113 884 qui
1170 808 1457 887 praesidio
1517 816 1728 869 contra
1784 820 1988 871 castra
2045 814 2301 872 Labieni

308 902 478 952 erant
521 895 741 970 relicti,
789 914 972 971 quum
1018 896 1297 972 proelium
1344 896 1732 954 commissum
1777 897 2109 970 audissent,
2157 902 2297 958 euh-

310 977 457 1037 sidio
504 981 634 1039 suis
691 981 891 1040 ierunt
948 981 1284 1057 collemque
1346 988 1638 1058 ceperunt
1707 1002 1903 1058 neque
1958 994 2305 1042 nostrorum

309 1064 556 1123 militum
600 1067 895 1125 victorum
939 1068 1233 1145 impetum
1277 1068 1579 1126 sustinere
1602 1074 1949 1144 potuerunt.
2021 1070 2117 1130 [iic
2161 1090 2293 1130 cum

311 1151 429 1210 suis
496 1151 873 1229 fugientibus
940 1153 1240 1231 permixti,
1301 1172 1451 1227 quos
1517 1174 1636 1212 non
1704 1154 1874 1214 silvae
1944 1170 2301 1230 montesque

312 1241 606 1312 texerunt,
656 1239 729 1296 ab
779 1239 1051 1313 equitatu
1097 1246 1239 1297 sunt
1271 1237 1598 1297 interfecti.
1688 1239 1825 1298 Hoc
1869 1242 2109 1318 negot-io
2161 1262 2301 1302 cun*

311 1319 465 1381 fecto
512 1324 822 1382 Labienus
866 1325 1193 1384 revertitur
1237 1324 1646 1403 Agedincum,
1706 1326 1811 1384 ubi
1866 1326 2297 1404 impedimenta

309 1409 489 1467 totius
536 1410 838 1468 exercitus
882 1410 1095 1468 relicta
1139 1417 1327 1469 erant.
1416 1410 1573 1468 Inde
1618 1410 1715 1470 die
1761 1412 1885 1470 III.
1935 1432 2069 1470 cuin
2117 1414 2301 1470 efflui*

310 1495 417 1552 bus
464 1495 655 1571 copiis
701 1495 775 1555 ad
824 1494 1127 1554 Caesarem
1170 1497 1465 1574 pervenit.

474 1580 719 1639 LXIII.
789 1579 1152 1640 Defectione
1173 1580 1550 1639 Haeduorum
1595 1582 1838 1658 cognita
1858 1583 2081 1642 belluni
2121 1606 2301 1662 auge⁵

312 1672 419 1722 tur.
491 1666 862 1743 Legationes
897 1669 960 1725 in
996 1687 1203 1726 omnes
1236 1674 1447 1743 partes
1495 1667 2073 1730 circummittuntur:
2113 1690 2298 1744 quan‘

312 1757 432 1808 tum
476 1752 693 1828 gratia,
743 1755 1120 1827 auctoritate,
1179 1753 1437 1831 pecunia
1481 1752 1706 1827 valent,
1755 1753 1832 1812 ad
1881 1754 2301 1814 sollicitandas

310 1837 583 1896 civitates
638 1839 928 1897 nituntur.
1039 1839 1220 1898 Nacti
1298 1838 1575 1912 obsideS,
1645 1858 1796 1913 quos
1868 1838 2073 1898 Caesar
2141 1842 2301 1918 apud

312 1941 409 1981 eos
476 1923 859 2001 deposuerat,
927 1925 1142 1983 horum
1209 1924 1505 2002 supplicio
1574 1923 1924 1983 dubitantes
1993 1926 2293 1983 territant.

309 2008 527 2067 Petunt
573 2031 607 2068 a
650 2010 1150 2087 Vercingetorige
1194 2010 1437 2084 Haedui,
1483 2017 1552 2068 ut
1597 2009 1674 2067 ad
1733 2029 1798 2068 se
1857 2011 2061 2070 veniat
2117 2014 2297 2070 rat-io-

308 2113 531 2170 nesque
576 2096 720 2154 belli
778 2096 1027 2173 gerendi
1084 2096 1500 2155 communicet.
1612 2095 1707 2154 Re
1772 2096 2093 2174 impetrate.
2161 2118 2301 2154 flori*

311 2179 578 2256 tendunt,
626 2188 695 2240 ut
737 2182 887 2260 ipsis
934 2201 1166 2240 summa
1208 2181 1445 2260 imperii
1489 2181 1784 2257 tradatur,
1835 2190 1894 2241 et
1937 2202 2004 2241 re
2049 2186 2109 2242 in
2157 2206 2297 2242 con-

308 2268 661 2326 troversiam
706 2267 967 2328 deducta
1010 2269 1198 2328 totius
1246 2267 1461 2326 Galliae
1510 2268 1830 2326 concilium
1874 2268 2161 2327 Bibracte
2209 2270 2293 2326 in-

307 2350 540 2410 dicitur.
649 2352 1028 2413 Conveniunt
1081 2354 1347 2429 undique
1416 2352 1784 2427 frequentes.
1889 2353 2297 2414 Multitudinis

309 2435 615 2516 suffragiis
660 2459 760 2498 res
817 2438 1212 2517 permittitur3
1273 2438 1352 2497 ad
1408 2457 1596 2496 unum
1652 2457 1857 2496 omnes
1903 2439 2293 2514 Vercingeto-

306 2522 493 2600 rigem
558 2526 819 2600 probant
882 2526 1323 2601 imperatorem.
1437 2523 1534 2580 Ab
1602 2522 1718 2582 hoc
1785 2524 2037 2583 concilio
2097 2526 2293 2598 Remi,

308 2607 633 2686 LingoneS,
679 2610 914 2669 Treviri
960 2609 1271 2668 afuerunt:
1332 2609 1439 2682 illi,
1491 2608 1652 2683 quod
1708 2609 2033 2669 amicitiam
2077 2610 2294 2670 Roma-

305 2714 514 2753 norum
582 2697 1010 2772 sequebantur,
1080 2695 1335 2770 Treviri,
1406 2693 1569 2770 quod
1637 2696 1890 2754 aberant
1943 2695 2185 2770 longius
2235 2708 2297 2754 et

306 2781 377 2837 ab
425 2781 745 2841 Germanis
790 2784 1237 2860 premebantur,
1287 2800 1422 2857 quae
1476 2778 1597 2838 fuit
1653 2800 1865 2855 causa,
1927 2802 2113 2857 quare.
2169 2794 2293 2838 toto

310 2867 595 2926 abessent
637 2867 798 2929 bello
846 2874 907 2926 et
950 2869 1183 2927 neutris
1232 2866 1455 2926 auxilia
1498 2866 1826 2925 mitterent.
1918 2868 2141 2946 Magne
2189 2870 2293 2926 slo-

306 2949 426 3010 lore
492 2953 716 3012 Haedui
781 2953 985 3011 ferunt
1051 2975 1117 3012 se
1195 2953 1469 3030 dejectos
1525 2953 1901 3030 principatu;
1964 2962 2297 3029 queruntur

306 3035 561 3096 fortunae
609 3039 1140 3100 commutationem
1186 3046 1246 3097 et
1293 3038 1555 3096 Caesaris
1616 3037 2053 3114 indulgentiam,
2109 3042 2169 3094 in
2229 3058 2293 3098 se

304 3125 632 3200 requirunt,
681 3145 878 3200 neque
922 3132 1123 3184 tamen
1184 3131 1469 3200 suscepto
1527 3123 1688 3181 bello
1747 3143 1922 3181 suum
1981 3122 2293 3182 consilium

307 3209 377 3266 ab
420 3210 671 3285 reliquis
718 3231 1001 3289 separare
1048 3210 1287 3269 audent.
1376 3208 1569 3268 Inviti
1612 3228 1860 3267 summae
1919 3210 2046 3286 spei
2097 3210 2293 3266 adolff

304 3302 542 3356 scentes
577 3296 957 3374 Eporedorix
994 3304 1055 3354 et
1074 3296 1495 3355 Viridomarus
1529 3293 2017 3371 Vercingetorigi
2057 3302 2289 3374 parent.

469 3382 702 3442 LXIV.
794 3383 907 3443 Ille
972 3382 1233 3460 imperat
1307 3379 1557 3456 reliquis
1615 3379 1966 3439 civitatibus
2029 3378 2289 3450 che-idne,

305 3463 579 3543 diemque
621 3468 760 3527 huic
805 3470 894 3527 rei
940 3468 1268 3527 constituit.
1360 3466 1586 3525 Omnes
1633 3466 1915 3541 ‘equiteS,
1961 3465 2085 3526 ΧΨ
2133 3466 2293 3522 milia

302 3570 566 3628 numere,
617 3554 894 3614 celeriter
928 3554 1249 3613 convenire
1286 3552 1496 3629 jubet3
1544 3550 1840 3629 peditatu,
1889 3571 2065 3627 quem
2113 3562 2289 3610 antea

301 3635 596 3715 habuerit,
645 3659 711 3698 se
755 3639 889 3700 fore
934 3646 1282 3699 contentum
1339 3637 1487 3696 dicit
1542 3634 1736 3712 neque
1791 3635 2097 3698 fortunam
2165 3646 2293 3698 ten*

303 3728 565 3783 taturum
611 3733 715 3784 aut
757 3726 820 3784 in
866 3727 995 3785 acie
1040 3725 1496 3797 dimicaturum3
1560 3722 1702 3798 sed,
1765 3724 2045 3799 quoniam
2105 3726 2289 3782 abun-

303 3807 403 3867 det
448 3811 740 3887 equitatu,
788 3811 1079 3889 perfacile
1125 3830 1265 3870 esse
1289 3809 1460 3869 factu
1482 3807 2057 3868 frumentationibus
2104 3810 2293 3884 pabu-

299 3893 742 3974 lationibusque
807 3899 1117 3957 Romanos
1184 3896 1534 3974 prohibere3
1607 3914 1778 3970 aequo
1849 3893 2025 3953 modo
2095 3892 2294 3950 animo

300 3998 408 4040 sua
472 3983 591 4060 ipsi
656 3982 961 4043 frumenta
1028 3988 1418 4061 corrumpant
1499 3979 1871 4055 aedificiaque
1941 3977 2289 4051 incendant,

296 4085 417 4141 qua
460 4069 549 4130 rei
582 4066 909 4129 familiaris
959 4068 1203 4145 jactura
1257 4071 1621 4145 perpetuum
1673 4064 1989 4142 imperium
2047 4063 2294 4123 liberta-

1888 4162 1952 4213 10
