2967 4609
624 400 745 455 LIBER
761 402 816 455 III.
1171 411 1210 469 51

215 604 276 672 tus,
310 616 414 655 omnes
443 596 534 655 etiam
568 597 716 673 gratumm
751 597 862 672 aetatis,
893 596 927 655 in
960 598 1071 673 quibus
1104 598 1219 675 aliquid

217 682 334 743 consilii
356 689 408 742 aut
430 681 587 759 dignitatis
609 680 676 757 fuit,
700 703 735 742 1ο
760 689 972 758 convenerant,
997 690 1072 760 tum,
1094 686 1218 747 navium

217 768 297 845 quod
318 768 431 844 ubique
452 767 563 843 fuerat,
592 768 624 827 in
651 789 745 827 unum
772 769 873 827 locum
900 777 1077 846 coegerant3
1106 771 1217 846 quibus

217 854 336 914 amissis
357 854 466 930 reliqui
488 873 587 928 neque
609 874 668 931 quo
691 874 725 914 se
746 854 927 933 reciperent,
953 874 1052 931 neque
1074 857 1217 932 quemad·

215 940 337 1000 modum
359 939 470 1018 oppida
498 938 706 1015 defenderent,
734 940 897 999 habebant.
947 940 1058 1017 Itaque
1085 960 1119 1001 se
1148 962 1217 1001 sua·

217 1046 274 1102 que
308 1026 406 1085 omnia
440 1024 555 1089 Caesari
589 1024 779 1085 dediderrmt.
841 1026 881 1085 In
914 1045 990 1103 quos
1024 1047 1059 1087 eo
1093 1028 1218 1105 gravius

217 1111 320 1171 Caesar
341 1110 557 1175 vindicandum
579 1110 696 1187 statuit,
726 1132 785 1187 quo
808 1111 982 1189 diligentius
1010 1113 1043 1171 in
1068 1114 1218 1189 reliquum

215 1205 334 1275 tempus
358 1218 376 1255 a
396 1197 535 1256 barbaris
554 1195 607 1275 jus
629 1197 799 1274 legatorum
821 1205 1062 1259 conservaretis.
1107 1200 1218 1276 Itaque
1267 1233 1269 1240 ·

216 1284 297 1343 omni
319 1290 426 1341 senatu
447 1289 555 1343 necato
578 1284 712 1358 reliquos
735 1285 792 1343 sub
816 1303 927 1343 corona
948 1283 1095 1345 vendidit.

300 1368 406 1428 XVII.
450 1368 533 1427 Dum
554 1369 620 1427 heec
642 1369 673 1427 in
695 1370 822 1428 Venetis
844 1377 1001 1447 gemmtur,
1026 1370 1062 1442 Q.
1082 1371 1218 1434 Titurius

216 1454 346 1513 Sabinus
374 1474 442 1513 cum
468 1455 506 1513 iis
536 1455 641 1533 copiis,
676 1474 753 1530 quas
781 1476 799 1513 a
829 1454 950 1514 Caesare
984 1464 1153 1536 acceperat,
1187 1458 1220 1517 in
1252 1489 1255 1496 ·

215 1540 290 1599 fines
323 1540 501 1599 Unellcrum
533 1541 681 1618 pervenit.
737 1541 796 1599 His
828 1549 961 1618 praeerat
992 1542 1152 1604 Viridovix
1182 1564 1218 1603 ac

216 1646 363 1685 summam
383 1626 501 1704 imperii
523 1627 648 1685 tenebat
675 1646 778 1686 earum
801 1627 933 1685 omnium
955 1628 1121 1704 civitatum,
1150 1649 1218 1704 quae

216 1711 401 1785 defecerant,
432 1712 602 1787 exquibus
626 1713 793 1771 exercitum
813 1732 1000 1789 magnasque
1023 1714 1127 1791 copias
1150 1735 1218 1775 coe·

216 1805 311 1875 gerat.
366 1797 469 1873 Atque
502 1798 550 1856 his
583 1798 689 1875 paucis
728 1797 836 1857 diebus
869 1797 995 1857 Aulerci
1026 1798 1217 1860 Eburovices

215 1882 402 1959 Lexouiique
430 1890 540 1942 senatu
567 1902 621 1943 suo
651 1882 828 1963 interfecto,
863 1884 944 1959 quod
977 1891 1117 1945 auctores
1143 1886 1217 1945 belli
1276 1893 1280 1901 ’

216 1982 283 2029 esse
310 1970 462 2044 nolebant,
491 1975 596 2048 portas
627 1969 803 2029 clauserunt
829 1988 924 2045 seque
952 1990 1020 2029 cum
1041 1971 1217 2033 Viridovice

216 2055 444 2131 conjunxenmt,
472 2075 643 2132 magnaque
663 2061 814 2133 praeterea
834 2055 994 2114 multitudo
1017 2057 1151 2135 undique
1179 2078 1217 2118 ex

217 2140 316 2201 Gallia
352 2140 540 2219 perditorum
578 2141 731 2201 hominum
774 2141 985 2218 latronumque
1003 2181 1005 2184 -
1023 2151 1216 2221 convenerat,

216 2246 291 2303 quos
324 2246 396 2304 spes
428 2226 586 2305 praedandi
621 2227 815 2303 studiumque
846 2227 981 2287 bellandi
1014 2231 1052 2287 ab
1087 2231 1217 2307 agricul-

215 2318 285 2371 tura
318 2319 349 2372 et
382 2312 555 2388 quotidiano
589 2312 693 2372 labore
720 2315 894 2374 revocabat.
951 2312 1082 2374 Sabinus
1108 2316 1217 2375 idoneo
1314 2368 1316 2376 ,

206 2399 352 2457 omnibus
373 2399 465 2459 rebus
487 2398 554 2457 loco
577 2399 686 2457 castris
718 2418 787 2457 sese
813 2400 947 2472 tenebat,
977 2419 1069 2474 quum
1096 2401 1217 2460 Virido-

213 2484 265 2544 vix
288 2491 394 2543 contra
416 2504 484 2544 eum
507 2484 600 2543 duum
627 2484 742 2542 milium
770 2484 868 2561 spatio
900 2484 1089 2543 consedisset
1119 2486 1216 2561 quoti-

214 2570 322 2646 dieque
343 2569 500 2647 productis
523 2570 619 2648 copiis
640 2569 798 2647 pugnandi
818 2575 1003 2646 potestatem
1024 2569 1150 2647 faceret,
1181 2578 1217 2629 ut

210 2654 276 2733 jam
297 2676 357 2715 non
379 2656 477 2714 solum
498 2656 638 2715 hostibus
669 2657 700 2714 in
729 2656 982 2734 contemptionem
1004 2656 1136 2716 Sabinus
1164 2677 1216 2716 vc·

213 2741 302 2817 niret,
337 2741 392 2800 sed
425 2741 515 2801 etiam
542 2749 716 2801 nostrorum
743 2742 872 2800 militum
899 2742 1026 2802 vocibus
1053 2763 1115 2802 non
1141 2742 1217 2802 nihil

215 2834 398 2905 carperetur,
432 2834 607 2903 tantamque
642 2827 812 2906 opinionem
844 2828 961 2887 timoris
993 2830 1140 2907 praebuit,
1182 2837 1217 2889 ut

210 2912 275 2990 jam
298 2913 336 2973 ad
357 2912 471 2973 vallum
490 2920 659 2973 castrorum
680 2913 786 2973 hostes
809 2913 954 2973 accedere
977 2914 1132 2975 auderent.
1177 2915 1217 2973 Id

215 3018 251 3057 ea
273 2998 310 3058 de
333 3017 425 3057 causa
454 2996 596 3074 faciebat,
626 3000 707 3074 quod
735 3019 804 3058 cum
830 3005 917 3057 tanta
944 3000 1136 3059 multitudine
1162 3001 1216 3060 ho·

215 3084 316 3160 stium,
339 3084 509 3162 praesertim
531 3104 567 3143 eo
591 3086 726 3160 absente,
751 3086 810 3160 qui¹
825 3105 972 3143 summam
993 3087 1111 3163 imperii
1133 3093 1216 3144 tene-

214 3178 271 3245 ret,
303 3170 363 3229 nisi
392 3190 478 3245 aequo
511 3170 577 3230 loco
608 3177 660 3229 aut
690 3171 916 3248 opportunitate
945 3170 1046 3246 aliqua
1074 3171 1146 3229 data
1173 3171 1215 3230 le-

214 3262 285 3333 gato
308 3255 511 3315 dimicandum
532 3275 593 3315 non
616 3256 818 3315 existimabat.

299 3341 424 3401 XVIII.
468 3342 537 3401 Hac
566 3340 744 3401 confirmata
771 3341 910 3418 opinione
936 3341 1053 3400 timoris
1075 3341 1217 3401 idoneum

216 3427 365 3503 quendam
386 3427 537 3486 hominem
559 3434 591 3486 et
620 3427 761 3486 callidum
789 3426 911 3503 delegit,
942 3427 1074 3504 Gallum,
1103 3448 1140 3487 cx
1167 3428 1216 3506 iis,

216 3532 292 3588 quos
315 3512 417 3571 auxilii
439 3532 531 3572 causa
554 3532 656 3573 secum
685 3514 828 3573 habebat.
880 3513 960 3573 Huic
988 3515 1107 3592 magnis
1137 3536 1216 3593 prae-

213 3598 283 3659 miis
303 3598 632 3675 pollicitationibusque
653 3598 828 3677 perevadet,
856 3600 902 3657 uti
924 3600 964 3658 ad
984 3600 1090 3661 hostes
1118 3608 1217 3660 trans·

215 3690 274 3760 eat,
297 3690 338 3759 et,
361 3684 435 3759 quid
463 3683 530 3743 fieri
556 3684 640 3760 velit,
670 3684 787 3744 edocet.
839 3683 899 3756 Qui
925 3686 978 3744 ubi
1004 3707 1059 3764 pro
1087 3686 1217 3766 perfuga

215 3768 255 3828 ad
287 3788 339 3829 eos
373 3770 466 3845 venit,
499 3770 638 3829 timorem
669 3770 874 3830 Romanorum
908 3774 1050 3850 proponit
1057 3793 1064 3847 3
1107 3772 1216 3847 quibus

215 3855 363 3931 angustiis
390 3854 458 3932 ipse
482 3854 585 3915 ansar
608 3878 626 3915 a
646 3856 774 3916 Venetis
796 3863 960 3934 prematur,
990 3857 1087 3932 docet,
1117 3851 1223 3932 neque*

213 3940 334 4018 longius
367 3942 485 4017 abesse,
520 3942 593 4017 quin
625 3942 763 4021 proxima
794 3949 884 4001 nocte
912 3942 1044 4002 Sabinus
1072 3942 1151 4001 clam
1179 3962 1217 4002 cx

214 4026 324 4085 castris
347 4028 513 4086 exercitum
535 4027 644 4094 educat
667 4027 759 4088 etad
788 4026 940 4085 Gaesarem
967 4027 1070 4086 auxilii
1096 4027 1217 4089 ferendi

215 4130 308 4171 causa
328 4110 547 4190 proficiscatur.
593 4112 682 4185 Quod
703 4113 757 4171 ubi
779 4112 916 4171 auditum
938 4119 994 4188 est,
1025 4114 1216 4174 conclamant

977 4209 1011 4261 4*
