2967 4609
288 352 349 410 172
601 341 655 396 nn
671 340 799 396 sunno
818 335 988 396 cimroo

287 537 495 598 faciendorum
537 536 716 596 facultatem
758 537 920 610 haberent,
964 536 996 594 in
1034 535 1145 595 finibus
1191 537 1289 596 consi·

287 630 373 684 stunt
406 622 621 682 Cadurcorum.
677 623 737 698 Ibi,
773 643 867 698 quum
899 621 1061 682 Lucterius
1101 621 1184 700 apud
1216 641 1289 682 suos

288 711 371 770 cives
393 709 546 785 quondam
566 709 695 785 integris
717 709 810 771 rebus
833 708 961 767 multum
983 707 1134 785 potuisset
1157 727 1289 786 semper·

288 815 347 871 que
374 802 480 855 auctor
514 814 663 854 novorum
695 795 891 854 consiliorum
912 813 1053 870 magnam
1076 793 1159 872 apud
1180 795 1289 854 barba·

286 901 338 941 ros
360 881 571 940 auctoritatem
593 880 736 956 haberet,
772 880 917 958 oppidum
940 879 1179 955 Uxellodunum,
1209 880 1291 956 quod

286 968 319 1026 in
351 967 494 1026 clientela
515 965 617 1025 fuerat
645 965 722 1042 ejus,
754 966 875 1043 egregie
903 972 1014 1024 natura
1041 965 1101 1024 loci
1129 966 1290 1042 munitum,

290 1059 421 1131 occupat
460 1052 524 1111 suis
565 1059 597 1110 et
628 1050 795 1129 Drappetis
835 1051 931 1129 copiis
970 1051 1199 1130 oppidanosque
1232 1051 1292 1110 sibi

288 1138 455 1215 conjungit.

373 1223 534 1284 XXXIII.
581 1222 647 1294 Quo
659 1243 754 1299 quum
771 1221 932 1282 confestim
945 1221 982 1281 G.
997 1221 1142 1282 Caninius
1154 1222 1291 1282 venisset

288 1309 604 1383 animadverteretque
639 1328 744 1368 omnes
773 1308 877 1387 oppidi
905 1314 1011 1386 partes
1039 1308 1292 1386 praeruptissimis

289 1395 372 1455 saxis
395 1414 463 1456 esse
485 1393 628 1469 munitas,
652 1415 711 1470 quo
740 1393 924 1456 defendente
951 1393 1035 1453 nullo
1063 1401 1166 1454 tamen
1194 1415 1291 1454 arma·

288 1482 329 1540 tis
352 1480 518 1540 ascendere
541 1488 624 1539 esset
651 1479 786 1555 difficile,
810 1500 921 1558 magna
943 1486 1045 1539 autem
1074 1479 1291 1557 impedimenta

289 1566 508 1646 oppidanorum
530 1564 658 1641 videret,
680 1587 748 1642 quae
766 1566 793 1625 si
813 1565 1002 1624 clandestina
1018 1563 1093 1642 fuga
1111 1566 1290 1625 subtrahere

290 1660 480 1727 conarentur,
515 1649 653 1728 effugere
685 1672 747 1711 non
770 1651 859 1711 modo
893 1650 1070 1728 equitatum,
1099 1651 1156 1710 sed
1183 1671 1222 1711 ne
1244 1651 1288 1711 le-

289 1739 396 1816 giones
431 1736 553 1814 quidem
590 1745 735 1814 possent,
775 1737 928 1815 tripertito
968 1736 1143 1797 cohortibus
1183 1736 1292 1797 divisis

289 1825 370 1883 trina
392 1823 598 1883 excelsissimo
620 1823 687 1882 loco
711 1830 813 1882 castra
834 1823 918 1898 fecit,
948 1843 967 1881 a
994 1823 1104 1898 quibus
1132 1822 1290 1901 paulatim,

291 1917 437 1986 quantum
459 1909 555 1987 copiae
577 1909 780 1986 patiebantur,
804 1909 917 1970 vallum
939 1909 971 1967 in
999 1907 1103 1986 oppidi
1132 1908 1292 1968 circuitum

291 1996 402 2054 ducere
422 1995 563 2054 instituit.

375 2080 529 2140 XXXIV.
559 2078 648 2150 Quod
668 2099 761 2155 quum
778 2077 1056 2140 animadverterent
1078 2079 1221 2158 oppidani
1237 2081 1293 2138 mi-

291 2166 478 2240 serrimaque
499 2165 613 2224 Alesiae
635 2165 780 2224 memorie
809 2165 932 2224 solliciti
954 2165 1082 2224 similem
1111 2185 1215 2225 casum
1239 2165 1292 2224 ob-

291 2251 439 2311 sessionis
462 2257 648 2326 vererentur,
671 2251 926 2327 maximequeex
955 2252 1094 2310 omnibus
1117 2251 1291 2328 Lucterius,

291 2338 343 2414 qui
365 2336 495 2397 fortunae
517 2336 601 2396 illius
622 2337 792 2415 periculum
818 2335 951 2412 fecerat,
981 2345 1119 2396 moneret
1146 2336 1292 2396 frumenti

290 2424 439 2483 rationem
462 2441 531 2483 esse
552 2421 732 2497 habendam,
766 2422 955 2482 constituunt
984 2423 1117 2482 omnium
1140 2442 1291 2482 consensu

290 2516 378 2588 pa1te
399 2509 442 2569 ibi
464 2509 571 2569 relicta
593 2510 749 2586 copiarum
771 2509 831 2586 ipsi
853 2529 922 2568 cum
944 2509 1095 2587 expeditis
1119 2508 1158 2567 ad
1179 2509 1291 2586 impor-

291 2595 418 2654 tandum
456 2594 641 2654 frumentum
684 2593 847 2672 proficisci.
911 2595 957 2652 Eo
1000 2594 1126 2654 consilio
1162 2595 1292 2672 probate

291 2680 429 2758 proxima
456 2687 545 2740 nocte
573 2679 692 2764 duobus
719 2680 843 2738 milibus
871 2686 1056 2739 armatorum
1083 2681 1199 2740 relictis
1221 2680 1292 2739 reli·

292 2785 368 2842 quos
390 2786 428 2825 ex
450 2765 561 2844 oppido
572 2763 715 2843 Drappes
738 2773 770 2824 et
790 2766 953 2824 Lucterius
976 2765 1117 2826 educunt.
1151 2767 1194 2825 Hi
1215 2785 1290 2843 pau·

292 2870 345 2910 cos
368 2851 434 2910 dies
456 2852 566 2910 morati
588 2870 626 2909 ex
647 2850 759 2910 finibus
788 2850 1010 2927 Cadurcorum,
1041 2852 1092 2928 qui
1118 2852 1230 2930 partim
1257 2871 1292 2911 re

291 2936 491 2996 frumentaria
512 2937 675 2997 sublevare
697 2955 750 2996 eos
772 2937 951 3015 cupiebant,
980 2938 1092 3015 partim
1118 2938 1290 3015 prohibere,

293 3042 352 3098 quo
374 3023 474 3081 minus
497 3029 661 3098 emerent,
693 3042 755 3080 non
776 3029 933 3100 poterant,
961 3043 1104 3100 magnum
1133 3042 1292 3082 numerum

292 3106 437 3168 frumenti
459 3115 650 3186 comparant,
680 3127 895 3184 nonnunquam
919 3115 1020 3168 autem
1049 3109 1292 3186 expeditionibus

291 3194 448 3254 nocturnis
471 3194 599 3253 castella
619 3200 793 3259 nostrorum
815 3194 1001 3254 adoriuntur.
1039 3193 1135 3265 Quam
1158 3196 1196 3253 ob
1220 3213 1291 3253 cau·
1319 3235 1321 3248 .

293 3299 359 3338 sam
392 3280 430 3339 G.
461 3279 605 3340 Caninius
637 3286 701 3339 toto
736 3278 849 3357 oppido
887 3280 1069 3341 munitiones
1104 3279 1293 3340 circumdare

292 3371 436 3441 moratur,
470 3385 508 3425 ne
542 3373 595 3424 aut
627 3385 704 3442 opus
737 3364 883 3425 effectum
915 3366 994 3425 tueri
1026 3385 1086 3425 non
1114 3366 1213 3444 possit
1240 3372 1294 3425 aut

292 3449 431 3528 plurimis
452 3451 484 3510 in
505 3450 581 3511 locis
602 3449 721 3510 infirma
742 3449 885 3530 disponat
905 3451 1058 3529 praesidia.

378 3535 514 3595 XXXV.
558 3537 672 3614 Magna
705 3536 792 3614 copia
819 3535 965 3597 frumenti
998 3544 1173 3614 comparata
1195 3535 1294 3596 oonsi-

294 3621 369 3680 dunt
379 3621 521 3700 Drappes
543 3629 574 3680 et
584 3621 747 3681 Lucterius
768 3642 829 3681 non
850 3621 970 3700 longius
993 3624 1031 3682 ab
1049 3622 1160 3700 oppido
1172 3621 1294 3680 Xmili-

292 3707 361 3782 bus,
385 3706 464 3767 unde
485 3707 630 3784 paulatim
647 3706 834 3766 frumentum
850 3709 882 3766 in
904 3707 1049 3787 oppidum
1067 3714 1292 3786 supportarent.

293 3792 360 3870 Ipsi
381 3793 461 3851 inter
483 3811 516 3852 se
527 3793 700 3870 provincias
718 3794 905 3870 partiuntnr:
925 3794 1067 3872 Drappes
1086 3793 1196 3852 castris
1215 3812 1293 3870 prae-

294 3877 371 3936 sidio
395 3899 464 3937 cum
484 3886 572 3956 parte
595 3877 750 3956 copiarum
776 3879 899 3954 restitit,
929 3880 1091 3938 Lucterius
1115 3898 1224 3956 agmen
1242 3877 1293 3955 ju·

294 3970 465 4022 mentorum
481 3963 521 4023 ad
537 3963 682 4041 oppidum
699 3963 791 4022 ducit.
815 3963 982 4042 Dispositis
1000 3965 1043 4024 ibi
1054 3964 1206 4042 praesidiis
1217 3965 1296 4023 hora

294 4047 392 4105 noctis
416 4049 537 4108 circiter
558 4048 675 4108 decima
697 4049 891 4109 silvestribus
913 4051 1111 4127 angustisque
1133 4049 1295 4108 itineribus

295 4129 482 4191 frumentum
502 4134 666 4211 importare
689 4135 721 4192 in
734 4133 878 4212 oppidum
888 4135 1028 4195 instituit.
1063 4135 1199 4208 Quorum
1217 4141 1294 4194 stre-
