2967 4609
164 406 166 419 .
245 372 285 429 78
339 362 341 366 ’
550 362 603 415 DE
621 358 748 415 BELLO
768 358 946 415 GALLIOO.

240 574 336 618 naves
358 554 531 631 revertitur,
561 555 667 615 eadem
689 554 765 630 fere,
789 573 857 630 quae
881 574 918 613 ex
939 554 1054 614 nuntiis
1077 555 1248 630 litterisque

242 648 435 719 cognoverat,
460 661 562 699 coram
583 640 740 719 perspicit,
765 640 809 699 sic
831 647 866 698 ut
895 640 1017 699 amissis
1046 641 1167 699 circiter
1187 641 1248 699 XL

240 729 370 789 navibus
393 726 519 801 reliquae
547 734 650 786 tamen
682 724 769 785 refici
796 744 889 803 posse
918 746 1027 802 magno
1057 726 1180 803 negotio
1202 727 1246 787 vi-

241 814 394 872 derentur.
451 812 560 887 Itaque
595 832 632 871 ex
665 810 838 888 legionibus
871 810 977 869 fabros
1011 811 1118 888 deligit
1151 818 1182 871 et
1210 832 1248 870 ex

241 898 406 957 continenti
429 897 504 957 alios
524 897 639 956 arcessi
658 896 764 973 jubet3
789 896 925 955 Labieno
939 893 1065 971 scribit,
1089 903 1132 969 ut,
1157 918 1247 971 quam

239 984 386 1062 plurimas
421 983 535 1059 possit,
569 983 607 1041 iis
636 982 827 1059 legionibus,
862 1002 930 1056 quae
959 988 1031 1041 sunt
1059 981 1141 1060 apud
1169 1002 1246 1056 eum,

239 1089 335 1129 naves
357 1069 506 1127 instituat.
541 1068 625 1145 Ipse,
650 1068 709 1127 etsi
730 1087 781 1125 res
805 1074 872 1125 erat
893 1067 996 1126 multae
1020 1087 1121 1145 operae
1145 1068 1246 1126 111-
1333 1114 1351 1135 ,.

239 1154 333 1229 boris,
356 1161 458 1211 tamen
480 1152 758 1212 commodissimum
787 1171 856 1211 1111
884 1153 993 1211 statuit
1020 1172 1124 1211 omnes
1150 1172 1246 1212 naves

240 1239 370 1298 subduci
392 1246 423 1297 et
445 1259 513 1297 cum
536 1239 646 1297 castris
668 1259 729 1296 nna
751 1238 917 1298 munitione
940 1237 1093 1314 conjungi.
1137 1238 1176 1296 In
1197 1239 1246 1296 his

240 1326 333 1383 rebus
370 1324 490 1381 circiter
524 1324 588 1381 dies
618 1323 724 1381 decem
753 1322 903 1381 consumit
930 1344 969 1381 ne
996 1324 1152 1381 nocturnis
1181 1324 1245 1398 qui-

240 1410 308 1469 dem
329 1408 517 1485 temporibus
540 1407 580 1467 ad
610 1409 746 1467 laborem
773 1408 902 1465 militum
931 1409 1122 1467 intermissis.
1169 1408 1246 1467 Sub-

240 1495 341 1553 ductis
373 1494 504 1555 navibus
539 1494 711 1569 castrisque
746 1494 868 1570 egregie
896 1495 1020 1552 munitis
1050 1495 1173 1553 easdem
1196 1514 1245 1553 co·

239 1581 315 1658 pias,
341 1599 417 1655 quas
441 1586 524 1657 ante,
546 1580 689 1658 praesidio
713 1580 844 1640 navibus
866 1580 1003 1654 reliquit3
1033 1580 1101 1657 ipse
1130 1579 1245 1653 eodem,

239 1666 319 1725 unde
341 1664 489 1739 redierat,
517 1665 729 1743 proficiscitur.
775 1665 821 1723 Ilo
851 1684 943 1739 quum
971 1666 1123 1740 venisset,
1151 1664 1246 1741 'majo-

238 1771 288 1811 res
307 1750 372 1827 jam
394 1750 526 1826 undique
549 1751 581 1809 in
603 1771 671 1809 eum
693 1751 795 1809 locum
818 1750 913 1827 copiae
936 1750 1153 1809 Britannorum
1176 1770 1245 1809 con-

237 1844 385 1896 venerant
419 1856 537 1895 summa
569 1836 688 1914 imperii
720 1836 856 1911 bellique
895 1835 1127 1894 administrandi
1167 1856 1245 1894 com-

238 1922 322 1980 muni
344 1922 469 1980 consilio
491 1922 641 1999 permissa
664 1920 905 1996 Cassiuellauno,
934 1921 1021 1998 cujus
1043 1920 1121 1979 fines
1144 1942 1161 1980 a
1183 1942 1245 1980 ma-

238 2007 346 2065 ritimis
370 2006 545 2066 civitatibus
576 2005 688 2065 flumen
718 2006 841 2082 dividit,
876 2006 957 2081 quod
988 2007 1159 2085 appellatur
1188 2006 1246 2065 'Pa-

237 2092 340 2166 mesis,
365 2112 382 2149 a
404 2092 480 2149 mari
503 2093 623 2151 circiter
644 2092 726 2151 milia
748 2110 895 2169 passuum
917 2092 1053 2151 LXXX.
1092 2092 1172 2151 Huic
1196 2111 1245 2151 su·

237 2178 356 2254 periore
394 2183 531 2253 ternpore
572 2197 640 2235 curn
678 2177 805 2252 reliquis
845 2178 1021 2246 civitatibus
1060 2178 1246 2237 continentia

236 2262 318 2321 bella
343 2262 597 2337 intercesserant;
634 2262 689 2321 sed
723 2269 829 2321 nostro
858 2263 992 2323 adventu
1019 2263 1148 2341 permoti
1177 2263 1245 2327 Bri-

236 2348 322 2407 tanni
344 2348 424 2406 hunc
447 2348 504 2406 toti
526 2348 607 2407 bello
630 2348 820 2426 imperioque
842 2347 1056 2426 praefecerant.

322 2433 400 2491 XII.
434 2434 602 2492 Britanniae
624 2452 697 2512 pars
719 2434 846 2492 interior
869 2435 907 2491 ab
930 2434 968 2492 iis
991 2434 1142 2508 incolitur,
1167 2453 1243 2509 quos

236 2528 326 2578 natos
354 2520 386 2577 in
413 2518 513 2578 insula
545 2520 605 2597 ipsi
639 2520 784 2578 memoria
811 2519 967 2597 proditum
998 2520 1120 2593 dicunt;
1155 2520 1243 2578 mari-

236 2606 310 2663 tima
342 2623 414 2682 pars
438 2606 475 2663 ab
498 2605 546 2679 iis,
581 2606 633 2680 qui
665 2604 779 2682 praedae
809 2625 844 2663 ac
871 2604 946 2663 belli
972 2604 1123 2663 inferendi
1152 2624 1246 2663 causa

238 2710 275 2749 ex
302 2690 409 2766 Belgio
443 2690 641 2763 transierant;
678 2690 730 2766 qui
765 2709 870 2748 omnes
903 2689 968 2748 fere
1001 2690 1039 2748 iis
1072 2691 1244 2748 nominibus

238 2776 395 2834 civitatum
418 2774 618 2851 appellantur,
644 2776 754 2850 quibus
778 2776 837 2833 orti
859 2795 897 2833 ex
919 2775 1096 2835 civitatibus
1121 2795 1156 2834 eo
1176 2796 1244 2853 per·
1317 2802 1321 2807 ·

237 2866 400 2934 11111111,
431 2865 461 2917 11
489 2860 568 2917 bello
598 2860 683 2917 illato
712 2860 755 2918 ibi
785 2868 1018 2938 permanserunt
1040 2868 1132 2936 atque
1155 2880 1245 2938 agros

238 2946 337 3004 colere
360 2951 525 3021 coeperunt.
576 2944 740 3004 Hominum
769 2952 817 3005 est
845 2945 962 3004 infinita
989 2946 1151 3004 multitudo
1181 2967 1244 3005 cre-

236 3030 429 3105 berrimaque
457 3028 601 3105 aedificia,
636 3030 701 3089 fere
725 3030 853 3090 Gallicis
884 3032 1068 3106 consimilia,
1099 3052 1245 3109 pecorum

237 3134 365 3193 magnus
398 3135 552 3174 11111111.
597 3116 734 3174 11111111
769 3123 822 3175 aut
855 3137 915 3177 aare
943 3125 995 3176 aut
1024 3116 1249 3177 1111111111111Ι

238 3202 278 3260 ad
299 3208 418 3261 certum
438 3202 557 3279 pondus
581 3202 762 3260 examinatis
785 3222 840 3279 pro
862 3222 994 3261 nummo.
1034 3202 1181 3261 Nascitur
1202 3203 1246 3261 ibi

236 3287 395 3365 plumbum
417 3288 520 3345 album
541 3288 573 3345 in
594 3287 825 3346 mediterraneis
847 3288 1039 3364 regionibus,
1069 3288 1102 3346 in
1130 3288 1244 3347 mariti-

237 3372 295 3429 mis
329 3372 457 3446 ferrum,
493 3372 549 3431 sed
582 3372 649 3449 ejus
685 3374 794 3450 exigua
828 3380 876 3431 est
899 3374 1000 3451 copia,
1036 3393 1096 3432 aere
1118 3380 1245 3432 utuntur

237 3456 409 3533 importabo.
465 3458 596 3516 Materia
629 3458 778 3535 cujusque
807 3459 930 3535 generis
951 3465 987 3517 ut
1014 3459 1046 3517 in
1070 3458 1171 3517 Gallia
1198 3465 1246 3517 cst

237 3547 349 3619 praeter
371 3540 475 3617 fagum
497 3549 588 3617 atque
612 3543 753 3603 abietem.
804 3544 955 3621 Leporem
984 3550 1016 3602 et
1043 3544 1188 3620 gallinam
1215 3551 1246 3602 et

138 3636 142 3643 '
239 3645 377 3701 anserem
398 3632 523 3702 gustare
544 3627 593 3686 fas
615 3649 676 3687 non
697 3636 822 3707 putant;
846 3630 914 3689 haec
936 3636 1039 3688 tamen
1070 3629 1155 3688 alunt
1183 3629 1246 3687 ani-

238 3712 279 3770 mi
301 3710 528 3788 voluptatisque
552 3732 653 3771 causa.
699 3715 784 3773 Loca
813 3722 885 3773 sunt
912 3714 1128 3793 temperatiora
1155 3734 1247 3790 quam

237 3798 280 3856 in*
293 3797 394 3856 Gallia
415 3796 640 3856 remissioribus
663 3798 841 3875 frigoribus

323 3882 419 3941 XIII.
454 3881 561 3941 Insula
577 3888 686 3941 natura
703 3884 863 3959 triquetra,
884 3884 971 3961 cujus
989 3906 1081 3942 unum
1100 3884 1181 3943 latus
1200 3890 1247 3943 est

239 3974 352 4026 contra.
368 3968 506 4027 Galliam.
552 3966 654 4043 Hujus
676 3968 783 4027 lateris
807 3969 885 4028 alter
909 3970 1049 4047 angulus,
1073 3970 1125 4045 qui
1143 3968 1248 4029 estad

240 4050 388 4127 Cantium,
413 4074 472 4128 quo
502 4052 567 4112 fere
597 4073 701 4119 omnes
731 4074 769 4113 ex
793 4054 894 4113 Gallia
921 4074 1017 4115 naves
1041 4055 1246 4132 appellantur,
