2967 4609
207 384 268 440 100
522 374 575 426 nu
594 371 721 426 eunuc
741 370 919 427 Gannico.
974 433 976 435 ,
1017 413 1038 426 ,.

207 575 349 648 possent,
380 589 489 645 magno
512 569 632 646 pecoris
661 574 753 642 atque
783 566 938 626 hominum
965 585 1091 625 numero
1122 573 1211 644 capto

207 663 298 730 atque
321 674 357 712 ea
378 654 484 731 praeda
506 650 654 712 militibus
682 671 829 711 concessa
858 651 1049 726 vastatisque
1077 651 1159 728 agris
1181 651 1213 710 in

206 740 391 798 deditionem
419 740 524 798 venire
553 746 645 814 atque
673 739 797 797 obsides
827 737 885 796 sibi
915 737 987 795 dare
1011 737 1119 813 coegit.
1148 737 1211 796 'Eo

206 825 345 884 celeriter
378 824 519 884 confecto
553 825 675 901 negotio
709 842 817 882 rursus
849 823 882 880 in
914 822 1042 880 hiberna
1074 822 1212 899 legiones

205 911 334 969 reduxit.
392 909 527 970 Concilio
563 911 672 969 Galliae
705 909 802 986 primo
835 899 924 983 bere,
958 914 993 966 ut
1025 908 1211 982 instituerat,

205 995 319 1054 indicto
343 1016 436 1070 quum
464 996 574 1071 reliqui
606 1002 721 1073 praeter
751 995 897 1068 Senones,
928 992 1077 1052 Carnutes
1108 994 1212 1053 Trevi-

205 1100 317 1156 rosque
339 1083 507 1155 vemssent,
531 1081 651 1139 initium
685 1080 758 1138 belli
790 1101 825 1138 ac
854 1078 1036 1138 defectionis
1064 1079 1122 1137 hoc
1145 1091 1213 1138 esse

207 1167 388 1240 arbitratae,
430 1173 464 1224 ut
493 1167 592 1225 omnia
625 1174 811 1244 postponere
844 1165 1016 1238 videretur,
1052 1165 1214 1223 concilium

205 1252 360 1312 Lutetiam
381 1253 568 1310 Parisiorum
586 1251 743 1310 transfert.
781 1249 922 1310 Confines
942 1256 1028 1308 erant
1045 1249 1076 1309 hi
1088 1249 1213 1309 Senoni—

111 1388 119 1394 .
205 1338 263 1395 bus
287 1338 502 1413 civitatemque
524 1344 647 1415 patrum
668 1337 814 1396 memoria
843 1335 1072 1412 conjunxerant,
1097 1335 1153 1394 sed
1176 1335 1213 1394 ab

205 1423 263 1481 hoc
286 1422 412 1482 consilio
447 1423 563 1482 abiisse
598 1423 860 1482 existimabantur.
911 1421 979 1479 Hac
1008 1441 1041 1479 re
1063 1441 1119 1498 pro
1143 1440 1213 1498 sug-

205 1513 297 1584 gestu
318 1508 515 1585 pronuntiata
529 1509 645 1568 ,eodem
673 1509 722 1567 die
753 1528 823 1566 cum
844 1507 1015 1584 legionibus
1034 1505 1214 1566 inSenones
1326 1503 1328 1506 ’

205 1591 409 1670 proficiscitur
431 1595 610 1671 magnisque
632 1594 793 1652 itineribus
818 1613 852 1651 eo
875 1593 1024 1671 pervenit.

291 1678 347 1737 IV.
395 1678 523 1757 Cognito
548 1680 616 1756 ejus
639 1679 774 1739 adventu
792 1679 885 1753 Acco,
911 1678 963 1752 qui
985 1679 1128 1756 princeps
1148 1677 1214 1754 ejus

207 1764 324 1823 consilii
346 1763 457 1840 fuerat,
477 1764 567 1842 jubet
589 1766 622 1823 in
645 1765 758 1843 oppida
789 1764 1013 1822 multitudinem
1036 1763 1212 1838 convenire;

208 1850 398 1925 conantibus,
422 1851 600 1928 priusquam
623 1851 655 1909 id
678 1850 759 1909 effici
780 1855 896 1927 posset,
928 1849 1037 1908 adesse
1059 1849 1215 1908 Romanos

206 1935 376 2009 nuntiatur;
399 1938 574 1996 necessario
599 1937 751 1996 sententia
777 1935 929 1994 desistunt
961 1935 1141 2011 legatosque
1164 1934 1215 1992 de-

206 2020 355 2096 precandi
377 2041 470 2080 causa
498 2023 536 2081 ad
567 2021 721 2080 Caesarem
749 2022 889 2094 mittunt,
921 2020 1035 2079 adeunt
1062 2040 1117 2098 per
1144 2019 1216 2079 Hae-

208 2104 294 2179 duos,
319 2125 448 2181 quorum
470 2108 638 2183 antiquitus
662 2114 728 2166 erat
749 2107 781 2165 in
810 2105 870 2165 fide
900 2105 1018 2166 civitas.
1070 2105 1217 2164 Libenter

208 2189 313 2248 Caesar
334 2192 510 2269 petentibus
539 2193 668 2251 Haeduis
697 2193 751 2251 dat
779 2193 900 2251 veniam
929 2191 1216 2265 excusationemque

207 2275 327 2352 accipit,
352 2277 434 2354 quod
456 2279 597 2337 aestivum
619 2286 741 2356 tempus
769 2277 915 2336 instantis
938 2277 1020 2351 belli,
1050 2297 1111 2336 non
1134 2295 1216 2351 quae-

207 2359 315 2420 stionis
349 2383 418 2422 esse
448 2365 664 2439 arbitrabatur,
695 2362 853 2423 obsidibus
881 2363 1039 2440 imperatis
1079 2369 1215 2434 centum;

206 2447 262 2504 hos
293 2447 423 2508 Haeduis
453 2450 671 2510 custodiendos
699 2449 803 2509 tradit.
850 2448 968 2507 Eodem
992 2447 1143 2506 Carnutes
1174 2448 1216 2505 le·

206 2538 295 2607 gatos
308 2535 493 2610 obsidesque
512 2536 638 2594 mittunt
661 2537 709 2594 usi
733 2534 985 2612 deprecatoribus
1003 2532 1119 2607 Remis,
1144 2552 1216 2607 quo-

206 2637 275 2675 rum
297 2628 384 2678 erant
405 2621 437 2692 in
460 2621 617 2693 clientela3
642 2621 749 2680 eadem
771 2619 876 2679 ierunt
897 2638 1055 2696 responsa.
1092 2618 1217 2694 Peragit

127 2706 129 2709 ’
208 2703 368 2769 concilium
392 2704 497 2764 Caesar
519 2707 698 2782 equitesque
719 2707 851 2784 imperat
873 2705 1057 2764 civitatibus.

293 2788 331 2847 V.
366 2790 434 2849 Hac
456 2798 544 2868 parte
557 2792 666 2850 Galliae
683 2798 793 2870 pacata
809 2797 893 2850 totus
914 2797 944 2848 et
961 2797 1062 2849 mente
1075 2796 1106 2848 et
1117 2789 1216 2847 animo

170 2891 173 2895 ·
207 2872 240 2930 in
261 2873 375 2932 bellum
392 2875 593 2936 xTrevirorum
616 2885 647 2936 et
664 2877 853 2954 Ambiorigis
874 2875 998 2934 insistit.
1033 2874 1217 2935 Cavarinum

209 2977 278 3016 cum
300 2960 438 3034 equitatu
461 2961 613 3021 Senonum
636 2983 741 3022 seeum
769 2961 923 3040 proficisci
941 2961 1046 3037 jubet,
1081 2981 1119 3019 ne
1149 2959 1216 3035 quis

208 3049 261 3101 aut
284 3064 321 3102 ex
343 3045 435 3122 hujus
457 3048 616 3107 iracundia
638 3056 691 3108 aut
714 3069 752 3108 ex
775 3068 820 3123 eo,
845 3047 928 3122 quod
949 3053 1116 3120 meruerat,
1148 3043 1215 3103 odio

209 3128 343 3189 civitatis
365 3140 467 3192 motus
490 3134 611 3193 emetat.
657 3133 716 3193 His
739 3135 833 3192 rebus
857 3133 1041 3206 constitutis,
1066 3130 1150 3207 quod
1160 3150 1215 3209 pro

204 3216 366 3291 explorato
400 3219 535 3278 habebat
562 3219 772 3296 Ambiorigem
804 3219 912 3296 proelio
947 3239 1008 3277 non
1042 3236 1111 3276 esse
1145 3236 1215 3275 con·

209 3306 404 3378 certaturum,
428 3306 547 3380 reliqua
569 3305 636 3381 ejus
660 3305 787 3364 consilia
809 3305 907 3363 animo
939 3302 1214 3380 circumspiciebat.

208 3383 307 3444 Erant
334 3388 470 3467 Menapii
504 3391 667 3468 propinqui
695 3392 875 3449 Eburonum
902 3387 1030 3463 finibus,
1059 3386 1215 3466 perpetuis

201 3469 373 3545 'paludibus
401 3475 548 3550 silvisque
570 3476 692 3550 muniti,
728 3477 779 3551 qui
807 3475 860 3533 uni
882 3494 920 3533 ex
951 3475 1051 3534 Gallia
1080 3473 1118 3531 de
1140 3491 1216 3550 pace

208 3553 248 3612 ad
272 3554 426 3618 Caesarem
447 3561 566 3637 legatos
588 3581 743 3637 nunquam
764 3561 919 3620 miserant.
967 3559 1044 3618 Cum
1071 3559 1118 3617 his
1147 3575 1215 3616 esse
1267 3621 1270 3626 ¹

209 3637 376 3718 hospitium
397 3646 568 3723 Ambiorigi
591 3648 718 3722 sciebat,
746 3647 820 3705 item
849 3666 904 3723 per
926 3645 1070 3705 Treviros
1093 3643 1216 3717 venisse

211 3723 371 3788 Germams
394 3731 426 3789 in
449 3733 612 3791 amicitiam
635 3729 829 3809 cognoverat.
875 3732 953 3790 Haec
982 3731 1068 3808 prius
1097 3729 1141 3788 illi
1163 3728 1215 3786 de'-

209 3811 357 3872 trahenda
385 3817 496 3875 auxilia
530 3819 738 3892 existimabat,
774 3837 865 3893 quam
881 3817 982 3895 ipsum
1009 3816 1089 3875 bello
1119 3814 1214 3873 laces-

210 3904 302 3973 seret,
325 3920 364 3958 ne
387 3901 550 3978 desperata
584 3903 681 3962 salute
715 3911 769 3961 aut
797 3923 830 3962 se
852 3903 884 3960 in
905 3902 1065 3980 Menapios
1090 3897 1216 3960 abderet

211 3986 264 4038 aut
286 4001 355 4041 cum
378 3986 621 4046 Transrhenanis
651 3987 796 4064 congredi
823 3995 992 4065 cogeretur.
1044 3987 1112 4045 Hoc
1140 3985 1215 4043 inito

211 4065 336 4125 consilio
365 4071 462 4129 totius
490 4073 642 4131 exercitus
669 4073 887 4150 impedimenta
920 4073 959 4132 ad
986 4072 1157 4132 Labienum
1183 4069 1215 4127 in
