2967 4609
271 380 311 438 52
579 372 632 425 DE
650 370 778 425 BELLO
797 370 974 426 GALLIOO.

270 588 376 627 omnes
421 568 610 627 occasionem
657 568 771 645 negotii
804 568 881 626 bene
921 567 1046 645 gerendi
1079 567 1274 627 amittendam

268 675 331 713 non
362 673 445 731 1111,
476 654 515 713 ad
545 660 646 713 111111
672 654 710 712 iri
738 660 886 731 oportere.
938 653 1044 712 Multae
1071 673 1122 712 res
1150 653 1190 712 ad
1216 655 1274 713 hoc

270 740 431 799 consilium
453 740 559 799 Gallos
581 740 797 799 hortabantur:
822 739 1011 816 superiorum
1033 738 1149 797 dierum
1169 738 1275 799 Sabini

270 826 434 901 cunctatio,
468 824 606 903 perfugae
641 824 838 900 confirmatio,
872 824 974 902 inopia
1002 824 1191 900 cibariorum,
1226 826 1274 885 oui

269 913 313 971 rei
335 932 443 989 parum
466 912 626 989 diligenter
656 913 693 970 ab
722 912 760 969 iis
788 917 854 969 erat
881 910 1046 989 provisum,
1075 930 1146 988 spes
1175 912 1273 971 Vene-

268 998 322 1056 tici
343 998 427 1073 belli,
452 1005 483 1056 et
504 996 586 1073 quod
607 996 673 1056 fere
689 997 786 1055 libent
774 1003 820 1056 ter
836 996 973 1055 hominos
994 996 1036 1072 id,
1060 996 1141 1073 quod
1157 998 1273 1073 volunt,

270 1084 408 1142 credunt.
453 1083 512 1141 His
542 1084 634 1142 rebus
658 1082 783 1141 adducti
759 1088 866 1141 tnon
886 1082 973 1160 prius
995 1043 1201 1144 Viridovicem
1227 1102 1274 1142 re·

268 1169 428 1245 liquosque
458 1169 551 1227 duces
581 1188 618 1227 ex
647 1168 774 1227 concilio
793 1168 956 1243 dimittunt,
986 1188 1075 1243 quam
1093 1151 1205 1227 abiis
1234 1170 1275 1227 111

270 1274 459 1329 1111111111,
488 1274 570 1313 arma
598 1254 643 1312 uti
672 1254 794 1331 capiant
823 1261 854 1312 et
882 1254 920 1312 ad
948 1262 1050 1313 castra
1078 1254 1272 1314 contendant.

271 1339 393 1411 Quare
422 1359 569 1399 11111111
597 1340 671 1415 laeti,
700 1346 734 1397 11
764 1339 920 1417 explorata
946 1340 1083 1414 victoria,
1113 1340 1274 1399 sarmentis

269 1426 470 1501 virgultisque
499 1425 646 1500 collectis,
682 1425 793 1501 quibus
821 1424 923 1485 fossas
956 1426 1162 1484 Romanorum
1194 1446 1273 1485 eom-

270 1512 386 1589 pleant,
410 1512 450 1569 ad
472 1518 573 1570 castra
594 1518 734 1589 pergimt
853 1515 856 1518 ’

356 1597 447 1656 XIX.
503 1598 606 1656 Locus
640 1604 705 1655 erat
740 1603 909 1656 castrorum
937 1596 1036 1655 editus
1071 1603 1102 1655 et
1129 1543 1275 1674 paulatim

271 1683 350 1742 ab'
342 1704 402 1742 imo
437 1683 561 1743 acclivis
605 1682 726 1742 circiter
764 1702 875 1781 passus
909 1682 1000 1742 mille
1061 1683 1131 1741 Huc
1164 1703 1273 1760 magno

271 1789 363 1847 cursu
385 1768 616 1844 contenderunt,
639 1776 673 1826 ut
697 1789 787 1843 quam
803 1769 958 1827 minimum
980 1774 1050 1845 spat
1050 1768 1072 1826 ii
1038 1768 1134 1826 tad
1156 1788 1190 1828 se
1213 1769 1274 1827 111-

269 1840 409 1932 ligendos
444 1854 667 1930 armandosque
699 1854 847 1913 Romanis
880 1854 1018 1928 daretur,
1053 1854 1274 1951 exanimatique

269 1948 482 2018 pervenerunt.
530 1940 661 1999 Sabinus
684 1959 757 1999 suos
778 1940 917 1999 hortatus
942 1940 1132 2017 cupientibus
1156 1941 1275 2018 signum

269 2026 331 2085 dat.
365 2026 526 2103 Impeditis
548 2026 688 2085 hostibus
711 2032 837 2104 propter
856 2046 901 2100 ea,
926 2045 993 2100 quae
1010 2024 1159 2101 ferebant,
1183 2046 1274 2085 onera

270 2112 371 2170 subito
395 2111 513 2171 duabus
535 2112 632 2189 portis
653 2112 842 2188 eruptionem
863 2110 929 2169 fieri
942 2110 1041 2187 jubet.
1075 2111 1204 2170 Factum
1227 2120 1274 2171 est

271 2198 496 2275 opportunitate
523 2197 597 2272 loci,
631 2196 766 2255 hostium
792 2197 953 2256 inscientia
981 2217 1016 2255 ac
1045 2196 1272 2275 defatigatione,

269 2284 383 2343 virtute
412 2283 541 2341 militum
569 2290 600 2341 et
629 2284 819 2361 superiorum
845 2302 1016 2360 pugnarum
1049 2284 1273 2360 exercitatione,

269 2377 304 2427 ut
336 2389 374 2428 ne
408 2389 500 2427 unum
535 2367 656 2444 quidem
687 2368 867 2427 nostrorum
898 2369 1044 2445 impetum
1081 2368 1199 2428 ferrent
1238 2390 1293 2429 ac·

270 2455 374 2513 statim
395 2461 483 2531 terga
504 2460 668 2515 verterent.
715 2454 798 2526 Quos
820 2455 983 2532 impeditos
1007 2455 1137 2531 integris
1158 2455 1274 2515 viribus

269 2540 382 2599 milites
404 2541 503 2600 nostri
532 2541 687 2599 consecuti
715 2561 858 2617 magnum
884 2561 1042 2599 numerum
1070 2561 1174 2599 eorum
1196 2542 1274 2600 occi·

271 2626 395 2700 derunt3
419 2626 553 2702 reliquos
577 2626 694 2702 equites
718 2626 895 2701 consectati,
918 2646 1042 2704 paucos,
1067 2627 1119 2701 qui
1141 2648 1178 2685 ex
1200 2627 1275 2705 fuga

271 2718 442 2786 evaserant,
470 2712 667 2787 reliquerimt.
719 2712 770 2771 Sic
798 2732 857 2770 uno
885 2719 1021 2789 tempore
1049 2717 1080 2771 et
1107 2712 1145 2771 de
1172 2713 1275 2774 navali

269 2818 372 2876 pugna
396 2796 526 2855 Sabinus
550 2803 581 2855 et
603 2797 641 2856 de
664 2796 769 2856 Sabini
798 2798 926 2857 victoria
955 2796 1060 2856 (laesar
1088 2804 1136 2856 est
1164 2799 1274 2857 certior

270 2882 380 2957 factuS,
405 2882 604 2957 civitatesque
627 2902 731 2941 omnes
754 2903 788 2941 se
811 2883 916 2965 statim
937 2883 1052 2941 Titurio
1082 2884 1272 2943 dediderimt.

269 2967 350 3028 Nam
371 2974 406 3025 11
428 2967 467 3026 ad
488 2967 570 3027 bella
592 2969 788 3046 suscipienda
806 2968 962 3027 Gallorum
979 2968 1079 3027 alacer
1101 2989 1137 3028 ac
1152 2991 1273 3047 promp-

270 3061 321 3113 tus
345 3062 393 3113 est
415 3054 541 3129 animus,
571 3054 615 3114 sic
636 3055 736 3114 mollis
760 3075 796 3113 ac
818 3055 939 3113 minime
961 3055 1108 3114 resistens
1132 3056 1170 3114 ad
1193 3056 1272 3115 cala·

270 3140 392 3199 mitates
414 3140 612 3218 perferendas
634 3161 720 3200 mens
744 3160 847 3200 eorum
870 3148 926 3199 est.

356 3226 429 3285 XX.
475 3226 592 3285 Eodem
624 3226 690 3285 fere
723 3233 859 3304 tempore
891 3227 926 3285 P.
962 3225 1092 3286 Crassus
1123 3248 1216 3303 quum
1242 3228 1274 3286 in

270 3311 466 3387 Aquitaniam
493 3314 693 3389 pervenisset,
723 3332 791 3388 quae
812 3332 895 3390 pars,
923 3320 958 3371 ut
985 3319 1055 3371 1111
1077 3313 1193 3372 dictum
1215 3321 1272 3389 est,

271 3409 303 3455 et
324 3398 480 3474 regionum
501 3398 670 3457 latidudine
699 3405 729 3456 et
750 3398 942 3458 multitudine
973 3399 1126 3457 hominum
1153 3418 1191 3457 ex
1213 3407 1272 3457 ter·

271 3482 314 3541 tia
342 3489 430 3560 parte
460 3483 567 3542 Galliae
598 3490 645 3543 est
673 3484 861 3559 aestimanda,
896 3504 988 3559 quum
1020 3484 1204 3562 intelligeret
1241 3485 1273 3543 in

271 3568 309 3626 iis
336 3568 412 3627 locis
441 3569 500 3627 sibi
526 3569 639 3627 bellum
666 3570 841 3646 gerendum,
875 3570 928 3627 ubi
953 3570 1059 3647 paucis
1088 3577 1158 3629 ante
1186 3572 1272 3630 annis

271 3654 307 3712 L.
330 3654 471 3714 Valerius
494 3656 690 3714 Praeconinus
712 3655 832 3733 legatus
859 3655 993 3714 exercitu
1015 3656 1103 3733 pulso
1130 3655 1272 3716 interfec-

271 3746 322 3799 tus
345 3746 437 3815 esset,
466 3747 556 3815 atque
578 3740 658 3799 unde
681 3740 717 3798 L.
741 3740 864 3799 Mallius
886 3741 1049 3817 proconcnl
1077 3742 1272 3819 impedimen-

271 3825 312 3885 tis
335 3826 455 3885 amissis
477 3825 673 3903 profugisset,
701 3846 762 3884 non
789 3826 971 3885 mediocrem
999 3827 1057 3886 sibi
1085 3828 1273 3905 diligentiam

273 3911 474 3971 adhibendam
495 3911 692 3989 intelligebat.
738 3912 848 3986 Itaque
869 3932 903 3970 re
918 3911 1117 3972 frumentaria
1137 3908 1270 3991 provisa,
1330 3951 1333 3957 -

273 3997 392 4055 auxiliis
426 3996 621 4071 equitatuque
656 4004 846 4075 comparato,
875 3998 979 4057 multis
1016 4006 1165 4076 praeterea
1197 3999 1271 4059 viris

272 4080 401 4141 fortibus
424 4081 535 4141 Tolosa
566 4088 596 4141 et
624 4082 776 4159 Narbone,
806 4103 873 4158 quae
902 4091 973 4142 sunt
1001 4085 1140 4144 civitates
1164 4084 1271 4144 Galliae
