2967 4609
295 390 355 448 11ss
618 383 672 437 nu
689 381 818 438 suano
837 382 1006 438 eumue
1069 457 1071 462 Ι

292 596 349 637 nes
370 577 402 636 in
424 585 527 637 castra
547 577 738 655 perveniunt.
784 578 851 638 Hos
874 579 1032 638 subsecuti
1062 579 1184 638 calones
1213 578 1298 653 equi·

292 668 401 739 tesque
423 663 531 722 eodem
552 663 667 740 impetu
688 663 819 721 militum
841 663 955 723 virtute
978 671 1149 724 servantur.
1201 663 1244 722 At
1265 663 1297 736 ii,

295 748 347 824 qui
368 748 400 806 in
417 747 494 824 jugo
517 749 727 823 constiteram,
751 749 835 807 nullo
864 749 956 808 etiam
982 769 1064 808 nune
1092 769 1150 807 usu
1172 749 1218 808 rei
1244 748 1299 806 mi-

293 833 393 893 litaris
414 841 561 912 percepto
583 854 682 909 neque
703 834 735 892 in
759 854 805 908 eo,
828 834 910 910 quod
931 835 1147 913 probaverant,
1172 833 1299 894 consilio

292 938 488 997 permanere,
522 926 557 977 ut
589 939 623 979 se
655 920 723 979 loco
758 920 915 997 superiore
950 919 1166 994 defenderent,
1200 938 1300 994 neque

294 1023 371 1078 eam,
395 1024 487 1080 quam
508 1004 656 1082 prodesse
690 1005 759 1064 aliis
789 1005 851 1064 vim
874 1006 1120 1082 celeritatemque
1148 1004 1299 1074 viderant,

292 1089 406 1148 imitan'
426 1096 605 1168 potuerunt;
630 1090 686 1149 sed
708 1110 742 1149 se
764 1091 796 1149 in
819 1098 920 1150 costra
949 1091 1086 1169 recipere
1114 1091 1215 1149 conati
1243 1089 1300 1148 ini-

293 1195 386 1251 quum
407 1175 562 1259 inlocum
590 1174 784 1234 demisenmt.
836 1175 1051 1251 Centuriones,
1076 1196 1204 1252 quorum
1225 1195 1300 1234 non-

292 1260 369 1319 nulli
391 1280 429 1320 ex
450 1259 646 1320 inferioribus
669 1261 826 1320 ordinibus
848 1262 1033 1337 reliquarum
1059 1261 1212 1338 legionum
1239 1260 1300 1320 vir·

292 1345 368 1405 tutis
385 1365 489 1406 »causa
520 1346 552 1404 in
587 1346 761 1424 superiores
796 1354 884 1406 erant
912 1347 1033 1406 ordines
1056 1346 1148 1423 hujus
1171 1345 1301 1422 legionis

293 1429 436 1506 traducti,
458 1451 498 1490 ne
519 1438 590 1490 ante
611 1440 732 1510 partam
753 1432 798 1491 rei
820 1432 960 1492 militaris
982 1432 1104 1492 laudem
1116 1431 1299 1505 amitterent,

294 1514 461 1575 fortissime
483 1524 656 1594 pugnantes
679 1517 886 1577 conciderunt.
932 1518 1065 1576 Militum
1086 1537 1168 1594 pars,
1192 1517 1300 1575 horum

292 1600 405 1660 virtute
428 1603 587 1662 summotis
609 1603 759 1678 hostibus
782 1611 895 1682 praeter
918 1623 1005 1681 spem
1026 1603 1185 1662 incolumis
1207 1602 1301 1661 inca-

293 1693 359 1745 stra
379 1688 529 1765 pervenit,
552 1707 625 1766 pars
648 1709 667 1747 a
688 1689 829 1748 barbaris
852 1689 1060 1748 circumventa
1081 1689 1181 1767 periit.

379 1772 467 1831 XLI,
514 1773 659 1832 Germani
681 1774 844 1852 desperata
867 1774 1092 1852 expugnatione
1120 1780 1301 1846 castrorum,

293 1857 377 1933 quod
398 1866 522 1918 nostros
540 1858 806 1935 jam'constitisse
835 1861 867 1918 in
896 1859 1114 1918 munitionibus
1142 1858 1301 1932 videbant,

227 1991 230 1995 .
294 1962 364 2002 cum
386 1943 548 2021 eapraeda,
572 1965 664 2020 quam
685 1945 718 2004 in
729 1945 817 2005 silvis
830 1944 1044 2023 deposuerant,
1063 1950 1148 2003 trans
1160 1943 1304 2002 Rhenum

294 2046 364 2086 sese
401 2037 594 2106 receperunt.
650 2030 709 2098 Ac,
732 2038 837 2090 tentus
871 2030 930 2090 luit
964 2031 1056 2090 etiam
1089 2036 1161 2108 post
1189 2029 1303 2087 disces·

295 2131 362 2170 sum
388 2113 523 2172 hostium
549 2121 657 2189 terror,
686 2123 730 2189 ut,
761 2135 797 2174 ea
825 2124 916 2176 nocte
944 2136 1037 2192 quum
1066 2115 1104 2174 G.
1128 2115 1304 2174 Volusenus

293 2197 406 2257 missus
429 2219 499 2258 cum
521 2201 658 2275 equitatu
687 2199 726 2258 ad
750 2207 852 2260 eastra
874 2202 1019 2275 venisset,
1048 2199 1140 2259 fidem
1167 2220 1229 2258 non
1255 2197 1302 2258 fa-

269 2287 394 2358 'ceret,
434 2285 545 2345 adesse
578 2305 648 2345 cum
685 2286 828 2346 incolumi
862 2286 1016 2346 Caesarem
1050 2285 1194 2345 exercitu.
1252 2284 1303 2342 Sic

295 2369 427 2428 omnium
450 2371 567 2430 animos
589 2371 679 2430 timor
699 2378 979 2451 praeoccupaverat,
1009 2378 1044 2430 ut
1059 2391 1148 2449 paene
1171 2370 1303 2429 alienata

296 2462 398 2514 mente
421 2454 529 2516 deletis
565 2457 703 2516 omnibus
738 2458 834 2536 copiis
865 2458 1034 2533 equitatum
1061 2464 1181 2516 tantum
1208 2475 1241 2514 se
1264 2475 1304 2514 ex

294 2538 369 2617 iuga
400 2541 555 2619 recepisse
590 2542 727 2602 dicerent
759 2563 859 2618 neque
891 2543 1035 2614 incolumi
1063 2541 1198 2602 exercitu
1227 2539 1304 2600 Ger-

264 2690 267 2694 ,
294 2645 402 2685 manos
425 2635 528 2686 castra
550 2636 781 2706 oppugnaturos
802 2628 900 2688 fuisse
923 2627 1150 2688 contenderent.
1203 2625 1303 2698 Quem

294 2710 436 2770 timorem
459 2712 591 2772 Caesaris
615 2713 766 2774 adventus
790 2713 922 2773 sustulit.

380 2796 487 2856 XLII.
531 2797 689 2858 Reversus
711 2799 773 2874 ille,
804 2805 932 2859 eventus
959 2798 1033 2858 belli
1059 2818 1120 2857 non
1147 2795 1303 2873 ignorans,

294 2900 397 2956 unum,
430 2882 513 2957 quod
545 2883 686 2943 cohortes
719 2903 758 2942 ex
790 2885 922 2944 statione
955 2892 987 2944 et
1018 2881 1161 2963 praesidio
1197 2885 1303 2940 essent

296 2965 426 3041 emissae,
451 2974 578 3042 questus
601 2967 652 3039 (ne
678 2969 801 3029 minimo
832 2968 955 3045 quidem
972 2968 1057 3028 casui
1083 2970 1184 3027 locum
1212 2965 1303 3024 relin-

296 3051 349 3126 qui
376 3051 531 3124 debuisse)
564 3054 693 3113 multum
725 3054 881 3114 fortunam
913 3056 945 3114 in
977 3054 1135 3133 repentino
1168 3051 1304 3110 hostium

296 3135 432 3197 adventu
453 3139 591 3217 potuisse
615 3138 784 3216 judicavit,
813 3141 908 3201 multo
932 3141 1023 3199 etiam
1052 3138 1198 3216 amplius,
1222 3134 1305 3212 quod

294 3241 384 3300 paene
406 3224 444 3283 ab
466 3225 534 3303 ipso
557 3225 642 3285 vallo
664 3227 824 3304 portisque
853 3233 1023 3286 castrorum
1044 3226 1195 3284 barbaros
1218 3240 1304 3281 aver-

295 3306 394 3368 tisset.
460 3309 595 3380 Quarum
628 3311 762 3370 omnium
794 3332 896 3372 rerum
929 3310 1060 3370 maxime
1093 3305 1305 3370 admirandum

296 3387 468 3469 uidebatur,
492 3395 575 3471 quod
598 3395 753 3470 Germani,
778 3398 829 3473 qui
852 3417 887 3458 eo
911 3397 1036 3456 consilio
1049 3396 1193 3455 Rhenum
1204 3400 1304 3450 trans-
1389 3463 1394 3469 ¹
1475 3425 1476 3430 κ

296 3476 405 3553 ierant,
440 3487 475 3538 ut
495 3480 683 3559 Ambiorigis
715 3480 794 3541 fines
828 3482 1098 3560 depopularentur,
1134 3479 1174 3538 ad
1202 3484 1306 3536 castra

297 3559 503 3624 Romanorum
542 3565 636 3626 delati
671 3567 896 3646 optatissimum
923 3567 1096 3643 Ambiorigi
1124 3561 1306 3624 beneficium

300 3647 485 3708 obtulerant.

381 3733 506 3795 XLIII.
552 3735 657 3797 Caesar
668 3757 776 3798 rursus
794 3737 833 3797 ad
844 3738 1000 3798 vexandos
1017 3738 1123 3796 hostes
1135 3733 1303 3813 profectus,

296 3838 406 3896 magno
430 3829 537 3882 coacto
565 3819 720 3898 [equitum]
749 3842 875 3882 numero
899 3844 937 3884 ex
958 3822 1094 3882 finitimis
1117 3819 1304 3891 civitatibus,

295 3904 329 3963 in
350 3925 455 3966 omnes
477 3915 582 3985 partes
605 3903 739 3968 dimittit.
775 3907 889 3969 Omnes
910 3909 972 3969 vici
994 3916 1086 3983 atque
1108 3905 1210 3966 omnia
1231 3901 1305 3962 aedi-

297 3987 376 4065 ficia,
399 4011 468 4068 quae
491 3991 620 4070 quisque
638 4001 848 4072 conspexerat,
866 3994 1122 4066 incendebantur5
1141 3989 1248 4069 praeda
1268 4007 1306 4047 ex

297 4075 438 4137 omnibus
464 4078 541 4138 locis
568 4078 729 4156 agebatum
765 4078 918 4140 frumenta
954 4099 1015 4140 non
1045 4078 1184 4138 soluma
1221 4077 1308 4134 tanta
