2967 4609
599 396 719 450 anas
737 397 786 451 vr.
1138 412 1200 470 >113

190 589 272 648 enda
299 588 427 660 (nullum
455 591 535 649 enim
561 598 682 668 poterat
710 593 862 652 universis
891 594 929 652 ab
963 597 1134 671 perterritis
1164 620 1201 658 ac

190 675 341 752 dispersis
362 676 531 752 periculum
554 676 715 752 accidere),
751 678 807 736 sed
834 679 866 736 in
895 679 1024 756 singulis
1051 682 1199 743 militibus

190 761 421 835 conservandis,
446 781 514 836 quae
536 768 639 820 tamen
662 783 698 820 ex
720 769 809 840 parte
830 783 881 822 res
905 764 1091 824 adsalutem
1114 789 1199 828 exsr-

190 845 271 904 citus
293 847 475 924 pertinebat.
520 847 600 905 Nam
623 854 654 905 et
676 847 790 925 praedae
814 849 966 926 cupiditas
994 851 1106 910 multos
1134 854 1198 912 lon-

188 932 259 1008 gius
294 933 452 1007 evocabat,
488 938 519 990 et
552 933 638 993 silvae
671 934 798 992 incertis
827 934 1015 1010 occultisque
1037 937 1198 998 itineribus

190 1015 347 1076 confertos
377 1018 461 1076 adire
490 1018 700 1095 prohibebant.
749 1018 781 1078 Si
810 1021 965 1095 negotium
994 1022 1100 1082 confici
1129 1025 1197 1082 stir-

189 1121 321 1179 pemque
349 1103 502 1162 hominum
526 1104 741 1162 sceleratorum
763 1104 892 1164 interfici
917 1106 1018 1181 vellet,
1044 1107 1196 1168 dimitten-

190 1186 238 1245 dae
260 1188 364 1264 plures
386 1208 494 1247 manus
517 1188 740 1265 diducendique
770 1197 857 1248 erant
886 1191 1011 1266 milites;
1048 1193 1073 1251 si
1102 1196 1196 1254 conti-

188 1292 262 1331 nere
285 1273 324 1331 ad
347 1274 435 1350 signa
457 1275 627 1351 manipulos
650 1275 753 1349 vellet,
772 1282 807 1333 ut
825 1276 965 1335 instituta
987 1277 1064 1336 ratio
1083 1286 1195 1339 etcon-

188 1359 320 1417 suetudo
354 1360 506 1418 exercitus
534 1360 664 1418 Romani
692 1361 884 1438 postulabat,
918 1363 1006 1421 locus
1035 1363 1103 1440 ipse
1132 1373 1198 1425 erat

187 1444 333 1520 praesidio
361 1445 516 1519 barbaris,
550 1465 648 1520 neque
680 1465 717 1504 ex
749 1447 868 1505 occulto
899 1448 1063 1506 insidiandi
1094 1456 1124 1508 et
1152 1451 1198 1510 di-

189 1547 315 1606 spersos
338 1531 595 1590 circumveniendi
624 1531 753 1607 singulis
783 1531 889 1590 deerat
919 1533 1055 1592 audacia.
1101 1536 1144 1594 At
1165 1537 1196 1594 in
1244 1599 1246 1604 ,

188 1613 340 1690 ejusmodi
362 1615 604 1689 difficultatibus,
623 1623 770 1693 quantum
789 1615 946 1692 diligentia
963 1620 1118 1695 provideri
1128 1629 1196 1698 pot·
1255 1660 1260 1668 -

189 1706 265 1774 crat,
296 1701 530 1778 providebatur,
565 1708 600 1759 ut
622 1703 725 1779 potius
753 1702 784 1760 in
813 1703 951 1762 nocendo
981 1704 1096 1786 aliquid
1117 1727 1195 1782 pres-

187 1787 421 1861 termitteretur,
452 1787 510 1846 etsi
539 1787 672 1845 omnium
702 1787 793 1845 animi
816 1787 853 1846 ad
876 1788 1086 1847 ulciscendum
1108 1791 1194 1851 arde-

187 1870 274 1946 bant,
304 1893 395 1948 quam
423 1892 492 1931 cum
514 1872 615 1948 aliquo
650 1872 781 1930 militum
815 1873 996 1934 detrimento
1024 1883 1193 1935 noceretur.

187 1955 323 2016 Dimittit
356 1958 395 2016 ad
426 1957 570 2016 finitimas
603 1958 744 2017 civitates
778 1959 900 2017 nuntios
932 1958 1052 2035 Caesar,
1090 1981 1194 2022 omnes

188 2050 297 2101 evocat
325 2063 380 2121 spe
408 2044 521 2120 praedae
551 2043 590 2101 ad
612 2043 799 2120 diripiendos
823 2045 999 2121 Eburones,
1027 2053 1062 2104 ut
1092 2048 1195 2125 potius

187 2127 220 2185 in
242 2128 328 2189 silvis
352 2129 509 2188 Gallorum
530 2129 603 2203 vita,
627 2148 718 2204 quam
747 2128 931 2205 legionarius
958 2131 1045 2190 miles
1075 2133 1195 2209 pericli·

186 2219 283 2289 tetur,
319 2215 409 2273 simul
435 2221 470 2272 ut
499 2234 610 2290 magna
638 2214 831 2273 multitudine
854 2215 1041 2276 circumfusa
1062 2239 1117 2295 pro
1140 2219 1196 2278 tali

186 2297 322 2358 facinore
345 2300 438 2377 stirps
462 2319 497 2358 ac
518 2319 628 2358 nomen
646 2299 780 2359 civitatis
802 2300 936 2359 tollatur.
984 2302 1116 2379 Magnus
1138 2324 1194 2362 un-

185 2384 279 2460 dique
300 2405 446 2444 numerus
470 2385 609 2444 celeriter
633 2385 783 2445 convenit.

273 2471 410 2530 XXXV.
455 2471 532 2529 Haec
554 2471 587 2528 in
609 2469 752 2528 omnibus
764 2470 941 2528 Eburonum
953 2471 1093 2548 partibus
1105 2493 1191 2549 gere-

186 2556 299 2615 bantur
322 2556 447 2631 diesque
470 2556 635 2633 ap'petebat
652 2555 810 2632 septimus,
830 2552 924 2629 quem
938 2556 978 2613 ad
996 2555 1076 2616 diem
1089 2553 1194 2617 Caesar

187 2641 227 2699 ad
253 2641 470 2720 impedimenta
491 2641 701 2718 legionemque
722 2639 836 2699 reverti
868 2641 1076 2701 constituerat.
1122 2643 1191 2720 Hic,

188 2734 335 2801 quantum
356 2727 387 2785 in
409 2727 489 2785 bello
513 2725 635 2785 fortuna
650 2725 749 2802 possit
767 2731 797 2783 et
815 2732 945 2800 quantos
962 2725 1073 2786 afferat
1091 2748 1191 2805 casus,

188 2813 331 2889 cognosci
351 2813 460 2891 potuit.
515 2811 682 2888 Dissipatis
712 2831 749 2870 ac
777 2811 946 2888 perterritis
974 2813 1129 2890 hostibus,
1158 2821 1194 2874 ut

188 2896 478 2973 demonstravimuS,
506 2916 614 2956 manus
644 2903 709 2954 erat
738 2896 839 2970 nulla,
864 2917 931 2972 quae
954 2919 1081 2976 parvam
1102 2899 1192 2960 modo

188 3002 312 3042 causam
341 2984 457 3043 timoris
486 2981 620 3042 afferret.
670 2983 768 3041 Trans
784 2981 933 3041 ¹Rhenum
961 2983 1000 3042 ad
1023 2984 1191 3046 Germanos

185 3069 326 3146 pervenit
341 3068 425 3128 fama
443 3068 533 3146 diripi
543 3069 704 3126 Eburones
728 3073 820 3142 atque
842 3068 921 3126 ultro
940 3088 1044 3128 omnes
1063 3071 1102 3128 ad
1112 3091 1190 3148 prae-

187 3152 257 3212 dam
279 3154 409 3214 evocari.
456 3153 576 3230 (legunt
598 3154 732 3228 equitum
755 3151 920 3210 duomilia
944 3152 1115 3230 Sugambri,
1140 3156 1191 3230 qui

187 3247 259 3299 sunt
280 3241 410 3318 proximi
431 3239 549 3314 Rheno,
573 3260 591 3297 a
614 3237 723 3314 quibus
746 3243 886 3312 receptos
910 3257 947 3296 ex
969 3236 1044 3315 fuga
1063 3239 1189 3299 Tencte-

186 3345 237 3384 ros
260 3333 351 3401 atque
373 3326 519 3403 Usipetes
541 3344 634 3400 supra
662 3322 836 3394 docuimus,
867 3328 1027 3382 transeunt
1048 3323 1191 3384 Rhenum

186 3411 317 3471 navibus
350 3412 530 3486 ratibusque
552 3407 650 3468 XXX
683 3407 805 3466 milibus
838 3427 984 3484 passuum
1013 3409 1094 3469 infra
1122 3431 1190 3470 eum

186 3495 295 3572 locum,
317 3496 371 3555 ubi
392 3515 470 3574 pons
498 3502 564 3553 erat
591 3492 747 3571 perfectus
780 3491 1016 3570 praesidiumque
1051 3496 1088 3554 ab
1124 3495 1190 3556 Oae-

185 3598 254 3639 sare
276 3582 434 3656 relictum
457 3581 763 3658 primos'Eburonum
785 3576 995 3656 finesadeunt,
1019 3581 1131 3641 multos
1154 3602 1192 3642 ex

186 3663 261 3743 fuga
282 3666 438 3744 dispersos
462 3666 630 3743 excipiunt,
659 3683 769 3740 magno
787 3663 906 3740 pecoris
930 3685 1070 3742 numero,
1094 3667 1191 3742 ,eujus

187 3759 258 3810 sunt
281 3752 470 3830 cupidissimi
492 3750 624 3824 barbari,
647 3750 815 3828 potiuntur.
859 3748 987 3809 Invitati
1004 3751 1109 3827 praeda
1125 3751 1189 3809 lon·

186 3837 254 3912 gius
282 3838 465 3916 procedunt5
496 3857 557 3895 non
579 3836 635 3894 hos
657 3835 761 3913 palus,
791 3833 823 3892 in
850 3835 931 3893 bello
961 3835 1191 3911 latrociniisque

186 3930 284 3997 natos,
306 3943 369 3982 non
391 3923 478 3983 silves
495 3927 665 3994 morantur,
690 3919 800 3994 quibus
818 3919 849 3976 in
869 3919 944 3978 locis
962 3920 1002 3978 sit
1015 3918 1127 3994 Oeesar,
1151 3941 1189 3979 ex

188 4009 318 4086 captivis
336 4016 491 4084 quaerrmt;
515 4005 687 4085 profectum
704 4004 825 4080 longius
843 4005 998 4080 reperiunt
1010 4024 1189 4082 omnemque

186 4094 353 4153 exercitum
381 4093 562 4152 discessisse
578 4087 787 4166 cognoscunt.
825 4088 928 4163 Atque
956 4109 1035 4148 uuus
1057 4109 1095 4149 ex
1118 4110 1193 4170 cap-
