2967 4609
250 375 291 432 96
559 367 611 420 on
629 364 757 420 annuo
777 364 954 420 cantico

155 614 162 622 .
250 561 328 621 saris
352 560 550 635 discessisse,
582 559 657 619 adeo
687 568 721 619 ut
749 559 831 636 fugae
862 559 969 618 similis
993 559 1147 619 discessus
1170 562 1254 622 vide·

249 653 343 706 retur.
468 654 470 658 '

189 722 191 727 ’
336 730 419 789 LIV.
464 730 508 788 At
531 729 635 789 Caesar
656 730 846 808 principibus
877 730 1025 807 cujusque
1054 731 1187 790 civitatis
1216 733 1255 790 ad

250 837 284 876 se
307 815 451 889 evocatis,
475 815 550 874 alias
573 815 751 890 territando,
775 835 867 890 quum
879 834 912 874 se
935 816 1023 891 scire,
1050 836 1117 891 quae
1136 815 1252 891 fierent,

251 901 453 975 denuntiaret,
477 901 554 959 alias
578 900 765 960 cohortando
788 921 930 977 magnam
951 908 1069 978 partem
1093 901 1201 960 Galliae
1223 903 1254 960 in

251 985 352 1046 officio
375 987 481 1044 tenuit.
527 987 641 1045 Tamen
665 985 816 1061 Senones,
849 1005 916 1061 quae
940 993 987 1044 est
1010 987 1118 1046 civitas
1141 987 1172 1045 in
1193 989 1253 1066 pri-

181 1109 183 1113 ·
249 1072 308 1131 mis
331 1071 418 1129 firma
436 1078 467 1130 et
484 1070 602 1148 magnae
619 1071 700 1130 inter
717 1071 823 1130 Gallos
842 1071 1042 1145 auctoritatis,
1063 1071 1259 1146 Cavarinum,

250 1177 340 1233 quem
363 1155 467 1215 Caesar
490 1157 572 1234 apud
600 1177 653 1216 eos
681 1176 786 1233 regem
815 1157 1015 1216 constituerat
1038 1156 1137 1232 (cujus
1160 1156 1255 1216 frater

249 1242 437 1318 Moritasgus
460 1242 594 1301 adventu
616 1243 647 1299 in
661 1242 791 1300 Galliam
804 1240 935 1301 Caesaris
958 1242 1107 1319 cujusque
1123 1242 1253 1319 majores

249 1348 377 1404 regnum
400 1326 614 1401 obtinuerant),
637 1325 809 1385 interficere
838 1327 959 1404 publico
989 1328 1114 1386 consilio
1144 1329 1252 1401 conati,

250 1433 343 1487 quum
371 1412 422 1470 ille
452 1412 668 1488 praesensisset
697 1433 733 1471 ao
762 1411 966 1489 profugisset,
995 1433 1093 1488 usquc
1117 1413 1253 1472 adfines

249 1498 381 1556 insecuti
401 1517 496 1573 regno
520 1498 670 1572 domoque
693 1498 882 1575 expulerunt,
907 1505 944 1563 ,et
965 1498 1066 1557 missis
1090 1498 1129 1557 ad
1152 1497 1252 1558 Caesa-

249 1603 314 1642 rem
337 1582 546 1642 satisfaciendi
569 1603 663 1642 causa
684 1583 812 1659 legatis,
843 1603 935 1658 quum
962 1584 989 1642 is
1013 1603 1131 1643 omnem
1159 1584 1198 1642 ad
1221 1604 1253 1643 se

164 1732 168 1738 ,
251 1674 391 1727 senatum
413 1668 517 1727 venire
536 1669 698 1744 jussisset,
734 1668 815 1726 dicto
845 1668 1003 1727 audientes
1031 1689 1092 1728 non
1119 1669 1251 1729 fuerunt.

251 1753 382 1812 Tantum
404 1753 486 1830 apud
508 1753 645 1812 homines
668 1755 816 1812 barbaros
832 1754 942 1813 'valuit
972 1773 1040 1814 esse
1064 1755 1182 1830 aliquos
1204 1775 1251 1814 re—

249 1846 354 1915 pertos
376 1839 531 1916 principes
553 1838 704 1898 inferendi
725 1839 799 1897 belli
826 1845 1003 1915 tantamque
1031 1841 1170 1900 omnibus
1200 1861 1252 1900 vc-

249 1924 399 1982 luntatum
421 1925 685 1983 commutationem
715 1924 832 1999 attulit,
863 1931 898 1982 ut
925 1933 1038 2002 praeter
1056 1925 1196 1984 'Haeduos
1222 1934 1252 1984 et

249 2008 373 2084 Remos,
409 2028 484 2083 quos
513 2010 667 2088 praecipuo
701 2029 822 2086 semper
855 2009 968 2069 honore
999 2009 1102 2070 Caesar
1138 2011 1252 2086 habuit,

250 2095 363 2153 alteros
384 2114 440 2172 pro
463 2087 567 2154 vetere
589 2115 625 2152 ac
647 2102 797 2172 perpetua
819 2115 892 2171 erga
914 2096 1061 2173 populum
1083 2096 1254 2156 Romanum

249 2178 319 2254 fide,
344 2179 456 2238 alteros
485 2201 540 2257 pro
568 2181 742 2239 recentibus
774 2179 884 2238 Gallici
911 2181 985 2240 belli
1014 2180 1137 2257 officiis,
1172 2182 1253 2240 nulla

250 2263 315 2323 fere
339 2265 448 2324 civitas
471 2264 564 2334 fuerit
585 2287 646 2324 non
668 2272 813 2342 suspecta
824 2266 922 2324 nobis.
958 2265 1057 2341 quue
1080 2267 1154 2326 adeo
1172 2266 1254 2325 haud

249 2350 314 2409 scio
336 2350 546 2410 mirandumne
569 2351 618 2425 sit,
643 2371 735 2426 quum
759 2350 964 2428 compluribus
990 2351 1057 2410 aliis
1081 2352 1118 2410 de
1142 2352 1251 2425 causis,

250 2442 313 2494 tum
336 2435 473 2510 maxime,
498 2436 579 2511 quod
601 2436 631 2510 ii,
656 2437 707 2511 qui
724 2437 838 2496 virtute
860 2437 933 2495 belli
956 2437 1094 2496 omnibus
1112 2438 1255 2514 gentibus

249 2520 508 2598 praeferebantur,
543 2528 660 2580 tantum
694 2541 728 2580 se
757 2521 823 2598 ejus
854 2522 1005 2598 opinionis
1035 2522 1254 2600 deperdidisse,

250 2613 285 2664 ut
318 2626 336 2664 a
367 2607 480 2685 populo
513 2607 651 2665 Romano
691 2607 818 2684 imperia
859 2606 1040 2684 perferrent,
1074 2609 1255 2684 gravissime

252 2691 403 2750 dolebant.

337 2777 402 2836 LV.
448 2777 567 2837 Treviri
589 2798 662 2837 vero
685 2784 777 2853 atque
789 2777 1018 2836 Indutiomarus
1036 2777 1130 2836 totius
1148 2777 1255 2836 hiemis

250 2861 367 2919 nullum
388 2868 509 2939 tempus
531 2863 769 2937 intermiserunt,
789 2863 862 2938 quin
880 2870 967 2920 trans
978 2863 1120 2922 Rhenum
1138 2863 1255 2939 legatos

251 2947 415 3021 mitterent,
446 2947 587 3006 civitates
615 2948 829 3022 sollicitarent,
858 2947 1003 3024 pecunias
1031 2947 1255 3026 polhcerentur,

251 3051 362 3108 magna
383 3040 471 3110 parte
494 3034 647 3092 exercitus
668 3033 767 3092 nostri
795 3032 959 3091 interfecta
986 3033 1081 3091 multo
1110 3034 1256 3092 minorem

252 3136 414 3195 superesse
448 3118 585 3177 dicerent
617 3125 744 3195 partem.
799 3117 909 3194 Neque
938 3124 1040 3177 tamen
1062 3118 1116 3176 ulli
1139 3119 1255 3180 civitati

253 3202 473 3262 Germanorum
505 3203 686 3281 persvaderi
718 3204 827 3280 potnit,
861 3210 897 3261 ut
928 3203 1069 3262 Rhenum
1102 3204 1255 3277 transiret,

252 3308 344 3362 quum
366 3307 401 3348 se
422 3288 470 3346 bis
494 3296 635 3365 expertos
659 3288 805 3362 dicerent,
829 3288 979 3348 Ariovisti
1000 3289 1081 3347 bello
1105 3296 1136 3347 et
1158 3288 1255 3348 Tenc-

252 3379 386 3432 terorum
408 3374 555 3447 transitu;
578 3395 639 3432 non
662 3392 731 3432 esse
755 3374 884 3451 amplius
907 3372 1062 3432 fortunam
1073 3380 1255 3432 tentaturos.

251 3457 319 3516 Hac
342 3477 397 3535 spe
419 3458 525 3535 lapsus
536 3459 765 3518 Indutiomarus
787 3459 881 3518 nihilo
893 3459 993 3517 minus
1013 3459 1117 3536 copias
1136 3478 1254 3536 cogere,

253 3561 404 3617 exercere,
429 3563 447 3601 a
468 3542 604 3602 finitimis
627 3563 721 3619 equos
750 3564 869 3621 parare,
899 3545 1004 3603 exules
1035 3544 1256 3619 damnatosque

253 3633 319 3685 tota
347 3627 447 3686 Gallia
468 3629 587 3706 magnis
608 3630 743 3707 praemiis
773 3629 812 3688 ad
840 3649 873 3687 se
908 3629 1028 3688 allicere
1057 3631 1157 3708 coepit.
1210 3629 1256 3686 Ac

253 3719 369 3771 tantam
391 3713 450 3772 sibi
467 3713 532 3789 jam
554 3714 602 3773 his
623 3715 717 3773 rebus
739 3715 771 3772 in
789 3715 889 3773 Gallia
908 3714 1120 3774 auctoritatem
1138 3734 1257 3791 compa-

252 3805 384 3873 raverat,
419 3807 453 3857 ut
485 3798 618 3874 undique
652 3799 692 3858 ad
726 3819 795 3858 eum
828 3800 998 3876 legationes
1029 3806 1254 3871 concurrerent,

253 3883 383 3959 gratiam
413 3890 504 3959 atque
533 3884 698 3960 amicitiam
726 3885 848 3961 publice
876 3885 1079 3962 privatimque
1108 3891 1256 3962 peterent.

181 4036 183 4041 ,
340 3968 423 4027 LVI.
468 3969 530 4027 Ubi
551 3968 701 4027 intellexit
723 3969 803 4028 ultro
839 3969 932 4028 adse
955 3971 1062 4043 veniri,
1095 3972 1192 4030 altera
1221 3990 1258 4028 ex

254 4058 342 4127 parte
377 4051 513 4111 Senones
548 4052 758 4128 Carnutesque
780 4054 978 4114 conscientia
1006 4048 1149 4114 facinoris
1172 4055 1257 4114 insti·
1347 4071 1349 4075 ·
