2967 4609
1163 328 1403 385 LIBER.
1437 331 1600 387 VIII.
2287 343 2408 400 167

403 533 539 610 ipso
584 527 737 588 fiunt
782 525 1146 604 superiores,
1195 525 1357 601 quod
1411 525 1643 586 nullum
1697 529 1773 586 ab
1818 527 2250 589 insidiantibus
2293 524 2406 589 im—

406 615 738 695 prudentes
806 618 1169 689 acceperant
1224 610 1668 670 detrimentum.
1776 613 2100 673 Accedunt
2153 616 2406 694 propius

404 702 651 762 interim
704 697 1005 776 legiones,
1068 697 1386 773 crebrique
1457 697 1670 757 eodem
1725 705 1997 776 tempore
2055 707 2117 760 et
2181 703 2409 762 nestris

407 796 471 848 et
510 786 790 846 hostibus
834 781 1029 842 nuntii
1074 781 1415 848 afferuntur
1456 784 1885 860 imperatorem
1942 785 2257 846 instructis
2305 810 2401 846 ‹m-

402 874 523 952 piis
568 871 804 931 adesse.
897 867 1031 940 Qua
1084 887 1151 927 re
1210 869 1454 945 cognita
1518 869 1804 947 praesidio
1874 871 2209 931 cohortium
2265 894 2401 930 siun-

403 959 503 1020 fisi
543 956 739 1016 nostri
782 955 1071 1014 acerrime
1114 955 1488 1032 proeliantur,
1535 975 1632 1030 ne,
1679 956 1732 1015 si
1791 956 2026 1016 tardius
2082 977 2214 1017 rem
2273 982 2401 1014 mas--

2269 1010 2305 1034 Π

311 1101 316 1107 .
405 1047 651 1125 sissent,
720 1040 991 1101 victoriae
1058 1039 1315 1118 gloriam
1361 1041 1841 1101 communicasse
1888 1062 2024 1102 cum
2067 1043 2405 1120 legionibus

403 1130 774 1192 viderentur.
884 1126 1116 1185 Hostes
1173 1125 1500 1186 concidunt
1566 1127 1783 1186 animis
1849 1135 2031 1204 atque
2086 1129 2405 1188 itineribus

401 1215 667 1276 diversis
710 1212 921 1290 fugam
966 1218 1245 1292 quaerunt
1285 1213 1714 1289 nequicquam3
1761 1233 1901 1273 nam
1968 1214 2187 1290 quibus
2245 1218 2401 1274 difli-

404 1300 736 1362 cultatibus
814 1299 1085 1357 locorum
1163 1297 1472 1358 Romanos
1553 1298 1835 1358 claudere
1912 1300 2261 1378 voluerant,
2333 1306 2401 1358 iis

401 1388 525 1466 ipsi
577 1385 963 1445 tenebantur.
1030 1383 1198 1443 Victi
1241 1384 1490 1444 tandem
1531 1385 1919 1462 perculsique
1963 1385 2194 1463 majore
2229 1408 2397 1466 parsu

405 1473 647 1546 amissa,
695 1490 814 1546 quo
858 1467 986 1529 fors
1030 1469 1272 1545 tulerat,
1320 1471 1694 1531 consternati
1735 1471 2120 1549 profugiunt,
2178 1478 2393 1550 partin·

401 1559 578 1619 silvis
632 1555 859 1634 petitiS,
905 1555 1125 1632 partim
1170 1553 1445 1631 flumine3
1497 1557 1600 1631 qui
1642 1563 1847 1617 tamen
1904 1557 1968 1616 in
2021 1556 2170 1635 fuga
2215 1582 2249 1618 a
2297 1582 2393 1618 nm-

404 1645 553 1703 stris
620 1642 842 1701 acriter
906 1640 1367 1715 insequentibus
1434 1639 1851 1717 conficiuntur,
1920 1663 2105 1719 quum
2157 1644 2393 1706 interim

404 1730 575 1789 nulla
620 1727 963 1792 calamitate
1008 1726 1209 1786 victus
1258 1725 1519 1787 Correus
1565 1727 1860 1788 excedere
1914 1728 2128 1806 proelio
2185 1730 2393 1790 silva-ffi-

402 1835 522 1892 que
565 1821 774 1892 petere
821 1819 927 1870 aut
968 1811 1369 1872 invitantibus
1412 1814 1640 1872 nostris
1685 1813 1764 1873 ad
1801 1812 2170 1874 deditionem
2203 1830 2305 1894 put
2321 1822 2393 1874 uir

404 1899 645 1975 adduci,
693 1898 837 1974 quin
891 1896 1220 1958 fortissime
1274 1899 1613 1976 proeliando
1673 1899 2133 1977 compluresque
2192 1902 2397 1962 vuius

403 1985 593 2047 rando
620 1990 865 2062 cogeret
888 1983 1080 2043 elatos
1102 1984 1415 2044 iracundia
1448 1985 1716 2046 victores
1754 1986 1818 2044 in
1839 2004 1908 2045 se
1932 1986 2057 2045 tela
2079 1987 2397 2065 conjicere.-

574 2070 720 2130 XX.
810 2069 945 2129 Tali
999 2069 1177 2128 modo
1235 2090 1301 2130 re
1346 2077 1524 2148 gesta
1579 2071 1927 2131 recentibus
1971 2073 2172 2150 proelii
2216 2078 2397 2134 vesti-

402 2159 522 2236 giis
566 2156 883 2234 ingressus
931 2152 1139 2214 Gaesar
1184 2176 1368 2232 quum
1389 2157 1589 2217 victos
1629 2164 1802 2217 tanta
1825 2158 2170 2220 calamitate
2195 2162 2397 2218 exist·-

403 2249 599 2304 maret
642 2242 851 2301 hostes
885 2241 1097 2300 nuntio
1134 2250 1385 2320 accepto
1435 2243 1634 2302 locum
1685 2251 2024 2303 castrorum
2061 2245 2400 2304 relicturam¹>

404 2349 542 2406 quae
600 2348 723 2389 non
786 2327 1026 2403 longius
1070 2327 1149 2386 ab
1214 2346 1287 2387 ea
1346 2328 1515 2387 caede
1575 2329 1792 2388 abesse
1835 2329 1976 2407 plus
2021 2331 2216 2389 minus
2265 2350 2401 2386 suff-far

405 2415 648 2474 milibus
696 2412 1070 2488 dicebantur,
1117 2414 1360 2472 tametsi
1401 2412 1648 2472 flumine
1688 2414 2046 2491 impeditum
2080 2418 2397 2475 transitum

404 2499 673 2574 videbat,
718 2505 924 2557 tamen
970 2498 1239 2557 exercitu
1282 2498 1566 2558 traducto
1612 2498 2022 2577 progreditur.
2091 2502 2178 2561 At
2197 2501 2369 2559 Reus·
2385 2538 2397 2542 -

405 2586 544 2648 vaci
587 2584 959 2660 reliquaeque
1005 2583 1287 2644 civitates
1330 2592 1584 2663 repente
1631 2605 1706 2643 ex
1748 2584 1898 2663 fuga
1940 2587 2173 2663 paucis,
2223 2598 2401 2662 *atqua

410 2673 485 2731 iis
530 2669 887 2745 vulneratis,
942 2670 1249 2748 receptis,
1301 2672 1419 2746 ,qui
1489 2671 1780 2731 silvarum
1843 2671 2138 2733 beneficio
2196 2693 2402 2732 casium

407 2758 806 2830 evitaverant‚
854 2755 1133 2814 omnibus
1179 2756 1454 2817 adversis
1502 2754 1766 2834 [cognita
1810 2755 2172 2831 calamitate]
2216 2762 2397 2818 int-mu

404 2842 568 2902 fecto
630 2841 886 2916 CorreO,
956 2841 1177 2901 amisso
1236 2843 1511 2918 equitatu
1566 2850 1628 2903 et
1679 2841 2029 2902 fortissimis
2073 2843 2401 2922 peditibus,

405 2949 589 3005 quum
633 2927 964 2986 adventare
1007 2928 1317 2987 Romanos
1364 2928 1802 3005 existimarent,
1850 2930 2105 2990 concilio
2150 2942 2397 3010 repent-e

406 3021 590 3074 cantu
632 3013 916 3071 tubarum
960 3020 1291 3074 convocato
1340 3015 1741 3090 conclamant,
1801 3015 1991 3092 legati
2036 3016 2401 3090 obsidesquc²

406 3097 484 3159 ad
529 3098 834 3159 Gaesarem
873 3098 1210 3157 mittantur.
1259 3106 1263 3112 '

572 3183 756 3243 XXI.
825 3183 963 3242 Hoc
1008 3185 1287 3244 omnibus
1331 3186 1588 3263 probato
1615 3185 1865 3245 consilio
1893 3184 2197 3246 Commius
2221 3190 2397 3242 Atro.-

402 3272 516 3330 bas
563 3270 641 3330 ad
686 3287 791 3329 eos
837 3267 1109 3347 confugit
1156 3269 1529 3346 Germanos,
1590 3291 1626 3330 a
1671 3271 1891 3347 quibus
1950 3271 2028 3330 ad
2069 3270 2134 3330 id
2175 3270 2397 3330 bellum

406 3356 629 3416 auxilia
692 3361 1001 3415 mutuatus
1069 3364 1219 3415 erat.
1333 3356 1536 3417 Ceteri
1592 3377 1624 3416 e
1691 3357 1950 3434 vestigio
2016 3358 2261 3416 mittunt
2325 3382 2349 3414 ετ
2365 3362 2397 3414 A.

407 3438 711 3502 Gaesarem
753 3441 991 3518 legatos
1035 3449 1388 3520 petuntque,
1447 3449 1516 3501 ut
1577 3463 1649 3502 ea
1701 3462 1883 3520 poena
1941 3443 2024 3502 sit
2080 3449 2401 3502 contentus

403 3528 685 3603 hostium,
734 3546 913 3602 quam
948 3528 1001 3586 si
1035 3528 1165 3587 sine
1202 3527 1587 3588 dimicatione
1617 3526 1848 3588 inferre
1879 3529 2133 3607 integris
2166 3546 2397 3607 poss-ft,

403 3635 513 3692 pro
539 3633 673 3673 ‘sua
731 3612 1052 3672 clementia
1108 3621 1291 3689 atque
1337 3614 1713 3673 humanitate
1769 3634 2081 3690 nunquam
2123 3614 2397 3692 profan-tv·

404 3706 571 3759 esset
624 3698 933 3778 illaturus3
994 3697 1258 3758 afflictas
1318 3719 1464 3777 opes
1524 3700 1793 3775 equestri
1847 3701 2060 3780 proelio
2115 3700 2397 3758 Belloru-

404 3805 611 3845 corum
656 3801 823 3857 esse;
872 3782 1247 3843 delectorum
1290 3785 1566 3862 peditum
1621 3785 1812 3845 multa
1871 3787 2037 3845 milia
2079 3786 2357 3844 interis-su

404 3871 507 3930 vix
548 3868 855 3947 refugisse
899 3870 1145 3929 nuntios
1190 3870 1410 3946 caedis;
1459 3878 1664 3931 tamen
1707 3892 2008 3948 magnum,
2055 3870 2210 3928 utin
2231 3886 2401 3930 tanta.

405 3955 767 4030 calamitate,
812 3954 1179 4017 Bellovacos
1238 3975 1308 4015 eo
1366 3957 1582 4034 proelio
1641 3956 2019 4016 commodum
2075 3975 2214 4016 esse
2261 3978 2397 4014 urm-

404 4048 666 4116 secutos,
714 4040 879 4116 quod
925 4039 1208 4118 Correus,
1256 4050 1467 4101 auctor
1510 4042 1674 4118 belli,
1733 4043 2067 4102 concitator
2124 4042 2317 4102 multit
2337 4066 2393 4098 ιμ
