2967 4609
254 342 296 411 32
435 412 436 425 .
567 345 620 399 nn
638 342 765 399 nunno
785 343 954 399 onumen

255 540 361 618 pidum
394 545 496 597 autem
528 539 670 597 Britanni
702 546 824 614 uocant,
860 558 952 614 quum
980 538 1075 598 silvas
1097 538 1265 615 impeditas

255 626 336 686 uallo
360 632 451 699 atque
473 623 559 683 fossa
580 624 762 699 munierunt,
786 643 845 699 quo
867 623 1049 682 incursionis
1066 623 1199 682 hostium
1215 625 1260 684 ui·

255 710 358 769 tandae
393 728 486 767 causa
521 710 683 769 conuenire
724 716 918 769 consuerunt.
978 709 1025 767 Eo
1058 707 1262 786 proficiscitur

257 815 324 854 cum
356 795 544 871 legionibus;
592 795 693 853 locum
725 795 840 871 reperit
873 794 995 871 egregie
1027 801 1137 852 natura
1170 800 1260 870 atque

256 900 347 957 opere
380 880 542 954 munitum,
577 886 679 939 tamen
711 879 793 937 hunc
827 879 947 938 duabus
976 900 1013 938 ex
1040 879 1179 957 partibus
1208 900 1259 957 op-

255 980 400 1043 pugnare·
415 964 579 1024 contendit.
625 965 740 1023 Hostes
763 964 919 1043 paulisper
935 965 1044 1023 morati
1060 964 1190 1023 militum
1205 986 1259 1023 no·

256 1058 388 1109 strorum
421 1052 568 1128 impetum
601 1070 662 1109 non
694 1050 831 1109 tulerunt
864 1069 993 1125 seseque
1027 1050 1086 1108 alia
1114 1057 1262 1128 exparte
1348 1101 1354 1115 .

256 1135 360 1215 oppidi
389 1134 553 1212 ejecerunt.
605 1136 737 1211 Magnus
767 1134 810 1193 ibi
838 1154 982 1194 numerus
1009 1135 1129 1213 pecoris
1158 1154 1260 1213 reper-

256 1228 315 1296 tus,
338 1222 486 1297 multique
508 1222 539 1279 in
561 1219 636 1297 fuga
659 1227 730 1279 sunt
748 1221 958 1297 comprehensi
981 1228 1072 1295 atque
1094 1220 1259 1279 interfecti.
1318 1236 1321 1239 ’

340 1307 450 1365 XXII.
496 1306 577 1384 Dum
599 1306 665 1363 haec
687 1306 719 1363 in
741 1305 789 1363 his
817 1306 893 1365 locis
917 1312 1073 1382 gerrmtur,
1107 1305 1260 1364 Cassivel-

255 1394 365 1452 launus
389 1392 427 1451 ad
452 1391 600 1465 Cantium,
636 1390 717 1466 quod
746 1409 814 1449 csse
849 1391 889 1449 ad
916 1411 998 1450 mare
1022 1410 1115 1468 supra
1137 1390 1259 1449 demon-

256 1478 429 1552 stravimus,
460 1476 570 1551 quibus
598 1476 774 1553 regionibus
808 1483 953 1551 quattuor
979 1496 1069 1553 reges
1098 1483 1259 1554 praeerant,

257 1563 442 1639 Cingetorix,
478 1561 643 1637 Carvilius,
678 1561 910 1637 TaximaguluS,
946 1560 1103 1638 Segouax,
1137 1562 1262 1620 nuntios

255 1649 349 1707 mittit
372 1653 463 1723 atque
485 1647 523 1705 iis
546 1646 684 1724 imperat,
708 1647 754 1705 uti
777 1647 892 1705 coactis
916 1648 1056 1705 omnibus
1086 1647 1182 1725 copiis
1210 1666 1259 1705 oa-

256 1741 321 1793 stra
343 1733 464 1794 naualia
493 1732 531 1791 de
558 1732 724 1811 improuiso
753 1732 929 1791 adoriantur
961 1740 1053 1807 atque
1076 1740 1261 1810 oppugnent.

255 1819 283 1877 Ii
307 1838 399 1894 quum
423 1817 462 1877 ad
485 1825 586 1877 castra
607 1818 775 1892 uenissent,
798 1818 896 1876 nostri
907 1818 1065 1894 eruptione
1084 1817 1168 1876 facta
1184 1818 1262 1875 mul-

256 1905 295 1963 tis
319 1924 423 1962 eorum
444 1903 625 1976 interfectis,
649 1908 739 1980 capto
775 1902 866 1961 etiam
898 1903 992 1961 nobili
1021 1903 1098 1962 duce
1126 1904 1265 1979 Lugoto-

255 1990 321 2065 rige
354 2008 426 2047 suos
458 1988 625 2047 incolumes
663 1988 860 2047 reduxerrmt.
923 1987 1171 2049 Cassivellaunus
1203 1988 1261 2047 hoo

255 2074 362 2151 proelio
385 2074 534 2148 nuntiato,
563 2079 609 2132 tot
632 2072 823 2133 detrimentis
857 2074 1002 2150 acceptis,
1037 2074 1167 2134 vastatis
1193 2071 1262 2131 fini-

254 2160 323 2233 bus,
357 2159 485 2217 maxime
509 2158 610 2217 etiam
642 2165 798 2235 permotus
833 2158 1004 2218 defectione
1038 2159 1195 2219 ciuitatum
1217 2159 1229 2215 l
1248 2192 1261 2201 ·

255 2252 342 2320 gatos
365 2263 421 2321 per
436 2242 615 2301 Atrebatem
632 2242 801 2301 'Commium
823 2243 861 2302 de
884 2243 1038 2303 deditione
1056 2244 1095 2303 ad
1108 2243 1262 2303 Caesarem

255 2329 357 2388 mittit.
404 2328 508 2388 Caesar
532 2348 623 2403 quum
646 2328 856 2387 constituisset
877 2329 1011 2389 hiemare
1040 2330 1072 2387 in
1094 2328 1263 2388 continenti

255 2422 382 2492 propter
411 2414 587 2492 repentinos
616 2414 724 2473 Calliae
747 2420 863 2489 motus,
886 2435 985 2490 neque
1013 2416 1141 2473 multum
1171 2421 1261 2473 aesta-

254 2501 295 2559 tis
318 2506 495 2578 superesset
518 2505 609 2576 atque
631 2498 664 2557 id
685 2498 777 2558 iacile
800 2500 918 2558 extrahi
946 2519 1038 2578 posse
1065 2499 1265 2576 intelligeret,

255 2585 377 2644 obsides
410 2586 540 2663 imperat
567 2592 607 2660 et,
639 2584 711 2660 quid
744 2584 775 2642 in
810 2604 906 2643 annos
935 2585 1072 2661 singulos
1099 2584 1262 2661 uectigalis
1291 2620 1296 2627 ·

253 2670 365 2748 populo
388 2670 526 2729 Romano
549 2670 710 2729 Britannia
737 2669 902 2747 penderet,
932 2669 1106 2745 constituit,
1136 2669 1263 2727 interdi·
1305 2672 1308 2677 ’

255 2756 296 2814 cit
330 2763 421 2830 atque
453 2756 582 2832 imperat
612 2754 851 2830 Cassiuellauno,
886 2775 925 2814 ne
947 2756 1166 2814 Mandubracio
1200 2774 1261 2813 neu

255 2840 491 2899 Trinouantibus
513 2846 632 2899 noceat.
1253 2852 1257 2857 ’

339 2924 467 2983 ΧΧΠΙ.
502 2924 669 2984 Obsidibus
687 2926 822 3004 acceptis
839 2926 1006 2984 exercitum
1016 2926 1135 2985 reducit
1147 2925 1187 2983 ad
1197 2945 1264 2983 ma·

254 3029 296 3084 re,
320 3029 415 3070 naues
438 3010 554 3070 inuenit
576 3009 717 3069 refectas.
752 3012 811 3070 His
834 3011 983 3086 deductis,
1008 3011 1088 3087 quod
1111 3018 1141 3070 et
1164 3011 1259 3087 capti-

254 3115 362 3155 uorum
383 3115 527 3172 magnum
555 3116 714 3155 numerum
740 3097 875 3155 habebat
905 3102 936 3155 et
952 3096 1116 3156 ,nonnullae
1144 3103 1260 3173 tempe-

254 3188 334 3240 state
357 3181 550 3259 deperierant
572 3201 677 3257 naues,
701 3181 822 3241 duobus
846 3182 1064 3240 commeatibus
1093 3181 1259 3240 exercitum

253 3274 411 3344 reportare
433 3266 573 3325 instituit.
618 3267 666 3325 Ac
689 3267 733 3325 sic
757 3267 877 3341 accidit,
901 3266 947 3324 uti
968 3286 1006 3326 ex
1028 3273 1113 3325 tanto
1135 3267 1259 3326 navium

254 3371 389 3427 numero,
419 3358 466 3411 tot
487 3351 733 3427 navigationibus
762 3372 861 3428 neque
888 3353 947 3410 hoc
975 3372 1074 3427 neque
1102 3352 1259 3429 superiore

255 3456 332 3495 anno
355 3437 419 3495 ulla
441 3438 560 3495 omnino
583 3437 681 3512 navis,
706 3456 774 3513 quae
796 3438 909 3495 milites
931 3444 1078 3514 portaret,
1102 3436 1257 3496 desidera·

253 3527 346 3595 retur,
372 3527 403 3579 at
425 3541 463 3579 ex
489 3522 536 3596 iis,
561 3540 629 3597 quae
652 3522 758 3581 inanes
786 3542 824 3581 ex
853 3522 1020 3581 continenti
1047 3521 1086 3581 ad
1115 3542 1183 3581 eum
1211 3542 1258 3581 re-

253 3606 455 3683 mitterentur,
479 3614 511 3666 et
532 3608 642 3685 prioris
665 3614 852 3667 commeatus
881 3608 1029 3684 expositis
1046 3607 1192 3665 militibus
1215 3614 1255 3681 et,

255 3710 330 3768 quas
353 3698 461 3769 postea
482 3692 638 3751 Labienus
667 3692 824 3751 faciendas
853 3699 1013 3753 curaverat
1040 3712 1165 3751 numero
1187 3691 1258 3766 LX,

253 3796 416 3855 perpaucae
444 3777 544 3835 locum
572 3784 724 3855 caperent,
759 3779 884 3854 reliquae
917 3777 984 3837 fere
1014 3797 1118 3836 omnes
1150 3776 1258 3853 rejice-

253 3868 367 3921 rentur.
404 3861 488 3933 Quas
501 3882 593 3937 quum
615 3862 800 3937 aliquamdiu
818 3863 921 3922 Caesar
943 3862 1059 3921 frustra
1081 3868 1257 3940 exspectas·
1366 3920 1368 3922 .

255 3953 310 4019 set,
334 3967 373 4005 ne
396 3947 467 4005 anni
489 3954 625 4023 tempore
655 3966 673 4005 a
700 3948 894 4025 nauigatione
926 3948 1148 4024 excluderetur,
1177 3948 1258 4023 quod

253 4032 469 4105 aequinoctium
491 4032 625 4106 suberat,
648 4034 821 4093 necessario
845 4034 1004 4111 angustius
1031 4033 1143 4093 milites
1166 4034 1259 4093 collo·
