2967 4609
1168 348 1407 404 LIBER
1443 349 1609 405 VIII.
1768 336 1772 340 ⁴
2274 363 2393 419 1⁴33

390 546 456 604 in
512 537 646 624 ip'so
702 543 864 605 vallo
931 543 1265 604 collocatus
1334 552 1532 620 esset,
1599 552 1785 623 ponte
1841 546 1916 604 ab
1971 546 2381 607 incidentibus

386 630 530 690 telis
574 637 899 709 tegeretur.
967 629 1170 689 Portis
1215 629 1381 690 fores
1428 630 1802 706 altioresque
1845 638 2045 692 turres
2078 633 2381 712 imposuit.

556 716 639 774 X.
729 714 934 792 Hujus
977 716 1324 775 munitionis
1371 715 1601 794 duplex
1645 723 1778 776 erat
1801 716 2135 778 consilium.
2205 719 2385 778 Nam-

385 822 506 878 que
550 810 613 860 et
656 820 909 880 operum
952 801 1431 878 magnitudinem
1487 808 1550 861 et
1608 803 1886 862 timorem
1943 822 2121 862 suum
2181 823 2385 882 spera-

381 889 495 947 bat
537 886 821 946 fiduciam
888 887 1165 947 barbaris
1232 887 1578 962 allaturum,
1646 895 1726 962 et,
1795 908 1980 964 quum
2035 891 2385 968 pabulatum

387 972 944 1048 frumentatumque
1009 973 1250 1050 longius
1329 981 1497 1033 esset
1571 971 2114 1051 proficiscendum,
2180 978 2389 1054 parvis

385 1059 579 1137 copiis
647 1066 850 1118 castra
930 1059 1261 1118 munitione
1341 1060 1479 1137 ipsa
1560 1058 1811 1120 videbat
1871 1079 2056 1138 posse
2124 1059 2385 1122 defendi.

382 1145 639 1204 Interim
685 1145 898 1203 crebro
940 1145 1156 1222 paucis
1199 1145 1484 1220 utrinque
1527 1146 2028 1223 procurrentibus
2058 1147 2218 1206 inter
2249 1148 2385 1206 bina

386 1238 592 1290 castra
654 1229 878 1308 palude
950 1230 1274 1308 interjecta
1340 1230 1851 1306 contendebatur,
1931 1251 2116 1306 quam
2190 1240 2385 1292 tamen

381 1315 668 1395 paludem
711 1336 1141 1393 nonnunquam
1186 1324 1292 1375 aut
1345 1322 1559 1376 nostra
1611 1317 1836 1376 auxilia
1880 1316 2194 1377 Gallorum
2240 1318 2385 1378 Ger-

380 1421 815 1477 manorumque
864 1402 1213 1462 transibant
1261 1403 1588 1478 acriusque
1632 1403 1843 1462 hostes
1889 1403 2381 1479 insequebantur,

384 1495 489 1547 aut
552 1487 824 1548 vicissim
889 1487 1100 1547 hostes
1162 1487 1375 1547 eadem
1428 1489 1803 1565 transgressi
1861 1496 2105 1549 nostros
2149 1489 2389 1568 longius

385 1572 865 1634 summovebant.
947 1573 1289 1633 Accidebat
1344 1581 1548 1633 autem
1605 1573 1974 1649 quotidianis
2044 1576 2381 1653 pabulatio-

384 1659 587 1733 nibus,
632 1659 698 1717 id
741 1657 904 1735 quod
960 1658 1237 1718 accidere
1293 1666 1426 1719 erat
1480 1677 1767 1734 necesse,
1827 1679 2012 1736 quum
2066 1662 2222 1722 raris
2268 1661 2385 1720 dis-

374 1744 682 1821 jectisque
726 1764 803 1803 ex
847 1743 1119 1804 aedificiis
1176 1745 1468 1823 pabulum
1525 1745 2010 1822 conquireretur,
2077 1753 2149 1804 ut
2202 1747 2385 1827 impe-

383 1830 530 1889 ditis
594 1830 748 1889 locis
805 1830 1089 1909 dispersi⁸
1129 1831 1526 1909 pabulatores
1583 1831 2192 1906 circumvenirentur;
2253 1853 2389 1908 quw

381 1934 483 1975 res
529 1916 648 1974 etsi
689 1916 995 1976 mediocre
1040 1917 1467 1976 detrimentum
1496 1916 1911 1993 jumentorum
1957 1936 2029 1976 ac
2073 1936 2385 1979 servorum

382 2002 611 2060 nostris
678 2000 1007 2077 afferebat,
1075 2009 1281 2062 tamen
1334 2003 1557 2062 stultas
1625 2003 2027 2079 cogitationes
2096 2004 2381 2064 incitabat

381 2088 797 2163 barbarorum,
845 2094 1028 2165 atque
1073 2108 1145 2148 eo
1188 2090 1404 2166 magis,
1450 2088 1617 2164 quod
1656 2087 1981 2164 CommiuS,
2028 2109 2208 2164 quem
2250 2111 2385 2168 pro—

380 2172 612 2232 fectum
658 2173 737 2232 ad
793 2174 1017 2233 auxilia
1063 2174 1504 2235 Germanorum
1565 2174 1932 2235 arcessenda
1988 2174 2198 2251 docui,
2256 2194 2387 2235 611111

384 2259 687 2334 equitibus
752 2266 1033 2335 venerat;
1115 2261 1219 2336 qui
1293 2262 1538 2321 tametsi
1603 2281 1852 2320 numero
1930 2280 2051 2320 non
2131 2261 2389 2340 amplius

385 2352 557 2404 erant
616 2344 964 2422 quingenti,
1033 2354 1236 2407 tamen
1305 2347 1747 2407 Germanorum
1814 2346 2080 2406 adventu
2144 2347 2385 2406 barbari

383 2428 769 2490 inflabantur.

552 2516 671 2576 XI.
765 2514 973 2576 Caesar
1018 2537 1201 2593 quum
1257 2517 1774 2578 animadverteret
1828 2516 2067 2575 hostem
2122 2518 2381 2596 complu-

383 2621 482 2661 res
552 2601 683 2661 dies
752 2602 971 2662 castris
1032 2602 1260 2681 palude
1326 2611 1389 2662 et
1446 2602 1565 2662 loci
1620 2608 1842 2661 natura
1895 2602 2146 2661 munitis
2192 2622 2260 2663 se
2303 2614 2389 2662 te-

382 2707 529 2746 nere
593 2707 792 2763 neque
860 2689 1200 2767 oppugnari
1266 2696 1471 2748 castra
1539 2708 1750 2747 eorum
1817 2687 1949 2746 sine
2005 2687 2389 2749 dimication÷÷1

387 2773 730 2851 perniciosa
794 2793 909 2833 nec
978 2775 1177 2835 locum
1243 2774 1683 2834 munitionibus
1753 2772 1956 2832 claudi
2011 2773 2130 2833 nisi
2177 2795 2224 2834 a
2263 2795 2385 2834 ma-

377 2858 515 2936 jore
582 2860 855 2918 exercitu
920 2880 1124 2938 posse,
1204 2861 1442 2920 litteras
1501 2859 1580 2919 ad
1638 2859 2008 2919 Trebonium
2050 2860 2255 2936 mittit,
2303 2874 2385 2930 ut,

382 2965 564 3020 quam
609 2946 921 3005 celerrime
978 2953 1220 3024 posset,
1277 2946 1581 3024 legionem
1635 2945 1849 3020 XIII.,
1916 2965 2054 3023 quae
2123 2966 2262 3005 cum
2321 2949 2385 3006 T.

386 3029 595 3090 Sextio
639 3031 843 3108 legato
886 3030 951 3090 in
993 3031 1377 3109 Biturigibus
1421 3030 1748 3107 hiemabat,
1806 3038 2148 3091 arcesseret
2204 3039 2385 3108 atque

380 3116 469 3175 ita
514 3136 648 3176 cum
692 3116 801 3176 III
844 3116 1188 3195 legionibus
1231 3117 1469 3194 magnis
1513 3117 1833 3176 itineribus
1879 3116 1958 3175 ad
2013 3137 2082 3176 se
2124 3117 2385 3178 veniret:

381 3202 518 3279 ipse
563 3202 800 3279 equites
854 3203 918 3261 in
974 3203 1171 3264 vicem
1211 3202 1544 3263 Remorum
1601 3222 1671 3262 ac
1727 3203 2072 3280 Lingonum
2128 3203 2321 3279 reliqu
2329 3226 2385 3262 a·-

382 3307 641 3364 rumque
687 3289 1023 3364 civitatum,
1072 3308 1325 3365 quorum
1380 3308 1669 3366 magnum
1724 3307 2040 3347 numerum
2096 3307 2381 3349 evocave-

380 3381 497 3449 rat,
543 3373 831 3450 praesidio
875 3374 1369 3452 pabulationibus
1410 3374 1618 3450 mittit,
1683 3374 1787 3450 qui
1842 3373 2080 3433 subitas
2123 3373 2385 3434 hostium

381 3459 760 3519 incursiones
804 3461 1195 3520 sustinerent.

552 3543 707 3604 XII.
803 3544 982 3618 Quod
1027 3566 1211 3622 quum
1245 3545 1516 3621 quotidie
1559 3543 1734 3604 fieret
1779 3564 1850 3604 ac
1887 3544 2018 3622 jam
2061 3553 2381 3608 consvetuv

385 3629 530 3689 (11116
619 3631 937 3708 diligentia
1011 3632 1383 3690 minueretur
1460 3630 1651 3708 (quod
1727 3631 2085 3709 plerumque
2164 3630 2385 3691 accidit

382 3715 822 3792 diuturnitate),
879 3716 1194 3778 Bellovaci
1250 3717 1488 3777 delecta
1544 3737 1726 3775 manu
1779 3716 2073 3796 peditum,
2121 3716 2377 3793 cognitis

380 3801 747 3861 stationibus
830 3802 1196 3878 quotidianis
1275 3802 1548 3879 equitum
1625 3810 2007 3878 nostrorum,
2087 3802 2377 3864 silvestriu-

380 3887 499 3946 bus
576 3888 727 3948 locis
806 3888 1058 3948 insidias
1140 3888 1470 3966 disponunt
1548 3888 1881 3965 eodemque
1965 3889 2200 3963 equites
2276 3909 2378 3966 pn·

381 3980 547 4032 stero
592 3973 689 4034 die
732 3974 1000 4051 mittunt,
1048 3975 1151 4051 qui
1192 3975 1453 4053 primum
1500 3975 1789 4034 elicerent
1831 3979 2107 4049 nostros,
2165 3973 2381 4033 deinde.

1977 4068 2079 4122 ll*
