2967 4609
673 362 794 417 LIBER
812 363 862 416 IV.
1231 373 1271 430 69

260 564 364 615 111111
386 564 501 633 posset,
526 555 581 615 sed
603 557 669 615 aliae
693 557 808 631 eodem,
831 556 912 615 unde
936 563 1024 615 erant
1038 557 1195 634 protectae,
1220 580 1268 619 re-

197 639 199 642 ’
260 641 422 716 ferrentur,
447 642 514 700 aliae
539 641 578 701 ad
599 641 792 701 inferiorem
807 649 926 719 partem
957 643 1076 717 insulae,
1112 664 1180 719 quae
1221 653 1270 704 est

260 721 387 805 propius
410 726 483 785 solis
507 747 657 802 occasum,
681 748 791 805 magno
822 747 876 786 suo
906 748 974 786 cum
994 728 1130 805 periculo
1155 730 1268 805 dejice-

261 820 383 887 1111111,
408 832 475 887 quae
498 820 600 871 tamen
623 813 742 872 ancoris
767 812 862 889 jactis
892 833 986 888 quum
1012 812 1156 873 fluctibus
1188 835 1269 873 com-

260 898 426 975 plerentur,
450 898 624 957 necessario
654 897 786 969 adversa
813 905 903 957 nocte
930 899 963 956 in
992 899 1086 956 altum
1112 907 1269 977 provectae

262 983 467 1042 continentem
488 984 651 1061 petierimt.

346 1068 472 1127 XXIX.
518 1067 636 1128 Eadem
658 1077 749 1128 nocte
773 1069 895 1144 accidit,
918 1076 953 1127 ut
976 1076 1060 1128 esset
1081 1070 1154 1129 luna
1168 1071 1269 1147 plena,

200 1160 203 1163 ’
262 1154 314 1229 qui
341 1153 406 1211 dies
436 1154 602 1213 maritimos
634 1169 728 1213 aestus
756 1155 904 1213 maximos
933 1154 966 1212 in
995 1154 1116 1213 Oceano
1146 1155 1271 1215 efficere

263 1239 429 1313 consuevit,
453 1240 627 1315 nostrisque
649 1240 681 1298 id
704 1247 770 1298 erat
791 1240 987 1317 incognitum.
1028 1240 1079 1299 lta
1105 1262 1165 1300 uno
1195 1249 1270 1300 tem-

260 1344 335 1401 pore
369 1331 400 1383 et
432 1324 540 1401 longas
573 1345 679 1401 naves,
715 1326 826 1400 quibus
850 1324 955 1384 Caesar
983 1326 1149 1387 exereitum
1170 1335 1270 1385 trans-

256 1409 444 1487 portandum
484 1418 646 1470 curaverat
680 1430 817 1486 quasque
849 1412 882 1469 11
915 1411 1033 1469 aridum
1072 1411 1270 1487 subduxerat,

262 1502 356 1553 aestus
385 1495 570 1571 complebat,
606 1503 636 1555 et
664 1497 833 1570 onerarias,
868 1516 935 1572 quae
966 1497 1005 1555 ad
1034 1517 1161 1556 ancoras
1184 1506 1272 1557 erant

262 1580 413 1656 deligatae,
436 1587 603 1658 tempestas
628 1580 806 1655 afflictabat,
830 1581 1015 1657 nequeulla
1031 1582 1145 1641 nostris
1172 1582 1270 1642 facul·

261 1673 310 1723 tas
334 1672 387 1724 aut
409 1666 641 1725 administrandi
664 1674 717 1725 aut
748 1666 914 1725 auxiliandi
942 1667 1081 1725 dabatur.
1128 1667 1270 1745 Complu-

261 1752 345 1809 ribus
367 1752 497 1817 nauibus
520 1751 626 1811 fractis
649 1752 775 1827 reliquae
799 1772 892 1826 quum
920 1759 1025 1811 essent
1052 1751 1187 1829 funibus,
1218 1774 1271 1811 an-

263 1836 341 1894 coris
374 1836 562 1912 reliquisque
601 1839 796 1896 armamentis
835 1838 956 1896 amissis
991 1837 1030 1895 ad
1062 1838 1272 1914 navigandum
1337 1848 1341 1852 '

261 1921 398 2065 muys,
432 1942 557 1999 magna,
581 1923 613 1986 id
636 1924 717 1999 quod
738 1942 867 1981 necesse
896 1930 961 1981 erat
991 1923 1145 1999 accidere,
1176 1926 1271 1983 totius

263 2026 317 2066 exe
335 2006 413 2065 citus
436 2009 625 2084 perturbatio
649 2009 713 2067 fact
701 2015 733 2066 ta
756 2017 817 2083 est;
840 2028 940 2084 neque
963 2009 1043 2067 enim
1065 2029 1161 2069 naves
1185 2017 1273 2068 erant

262 2092 338 2167 aliae,
363 2093 473 2167 quibus
496 2095 646 2171 reportari
668 2101 811 2172 possent,
843 2101 874 2172 et
902 2095 1002 2153 omnia
1025 2094 1168 2165 deerant,
1204 2116 1272 2171 quae

262 2177 302 2237 ad
323 2168 502 2237 reficiendas
524 2198 619 2240 naves
644 2187 731 2239 erant
753 2180 833 2255 usui,
858 2186 898 2255 et,
923 2180 1005 2255 quod
1034 2181 1175 2239 omnibus
1200 2202 1270 2239 con-

263 2264 364 2321 stabat
396 2264 562 2322 hiemari
554 2286 586 2323 m
615 2265 715 2323 Gallia
748 2272 904 2358 oportere,
939 2265 1126 2325 frumentum
1158 2266 1273 2375 hisin

261 2348 369 2407 11111
360 2368 409 2405 m
407 2350 544 2409 hiemem
565 2351 723 2428 provisum
746 2371 807 2409 non
830 2343 904 2409 1111

345 2433 451 2493 XXX.
499 2435 616 2506 Quibus
638 2438 732 2495 rebus
749 2436 887 2511 cognitis
911 2435 1066 2512 principes
1089 2435 1270 2511 Britanniae,

262 2519 313 2594 qui
345 2527 417 2596 post
449 2520 589 2598 proelium
623 2521 663 2579 ad
686 2520 840 2579 Gaesarem
875 2526 1090 2594 convenerant,
1121 2521 1202 2579 inter
1238 2540 1272 2581 se

262 2604 412 2680 collocuti,
448 2626 541 2681 quum
575 2607 693 2683 equites
727 2613 758 2665 et
791 2625 887 2665 naves
922 2612 953 2663 et
992 2604 1179 2663 frumentum
1210 2608 1272 2665 Ito-

261 2690 357 2748 manis
380 2690 488 2750 deesse
510 2692 716 2768 intelligerent
738 2698 770 2750 et
791 2692 979 2769 paucitatem
1001 2691 1131 2749 militum
1155 2712 1192 2749 ex
1223 2712 1272 2751 ca·

211 2809 212 2812 =
262 2784 395 2835 atrorum
425 2776 591 2853 exiguitate
620 2783 853 2875 cognoscerent,
883 2796 951 2853 quae
979 2776 1037 2835 hoo
1065 2784 1152 2835 erant
1181 2778 1273 2836 etiam

262 2861 455 2937 angustiora,
502 2862 583 2937 qnod
625 2864 690 2921 sine
729 2862 955 2940 impedimentis
990 2861 1145 2921 Oaesarl
1133 2863 1272 2939 legiones

261 2953 533 3029 transportaverat,
557 2948 704 3025 optimum
725 2948 811 3007 factu
833 2967 902 3006 esse
925 2947 1077 3006 duxerimt
1104 2949 1273 3028 rebellione

262 3026 345 3091 facta
373 3030 526 3091 frumento
556 3040 792 3131 commeatuque
813 3039 935 3092 nostros
957 3033 1119 3110 prohibere
1149 3040 1180 3091 et
1208 3054 1273 3092 rem

263 3118 294 3176 in
315 3118 445 3176 hiemem
467 3118 645 3195 producere,
669 3119 792 3194 quod''
773 3138 812 3176 ns
841 3118 993 3195 superatis
1022 3124 1074 3176 aut
1095 3117 1235 3175 reditu
1226 3139 1271 3176 11-

262 3202 404 3262 terclusis
426 3204 578 3262 neminem
605 3211 713 3282 postea
740 3204 813 3262 belli
840 3202 991 3261 inferendi
1021 3222 1114 3261 causa
1141 3202 1174 3260 in
1202 3203 1271 3261 Bri·

262 3288 396 3347 tanniam
428 3290 629 3350 transitmum
663 3288 866 3348 confidebant.
922 3287 1033 3362 Itaque
1062 3306 1171 3345 rursus
1201 3308 1273 3347 con·

259 3372 414 3451 juratione
447 3373 531 3433 facta
563 3375 711 3451 paulatim
745 3394 782 3432 ex
811 3372 921 3432 castris
950 3372 1109 3431 discedere
1138 3393 1174 3431 ac
1198 3393 1271 3433 suos

263 3460 342 3518 elam
364 3479 401 3517 ex
425 3461 506 3535 agris
530 3459 681 3519 deducere
704 3465 872 3537 coeperunt.

346 3544 472 3603 XXXI.
506 3544 549 3602 At
561 3544 666 3604 Caesar
688 3546 748 3605 etsi
769 3544 903 3603 nondum
926 3563 1030 3602 eorum
1054 3544 1182 3603 consilia
1202 3566 1272 3622 cog-

260 3637 398 3704 noverat,
421 3638 524 3689 tamen
547 3636 577 3689 et
600 3650 636 3689 ex
660 3637 771 3691 eventu
792 3630 916 3690 navium
946 3648 1071 3687 suarum
1100 3637 1131 3688 et
1160 3650 1197 3687 ex
1226 3651 1270 3705 eo,

261 3716 343 3791 quod
366 3716 489 3775 obsides
513 3716 585 3774 dare
607 3716 843 3790 intermiserant,
873 3714 940 3773 fore
967 3713 1009 3789 id,
1033 3714 1121 3790 quod
1150 3714 1270 3789 accidit,

262 3801 486 3878 suspicabatur.
531 3801 641 3877 Itaque
664 3800 703 3859 ad
726 3820 831 3859 omnes
861 3819 952 3859 casus
981 3800 1119 3858 subsidia
1149 3818 1269 3876 compa-

261 3887 362 3959 rabat;
397 3906 468 3961 nam
496 3892 527 3945 et
553 3886 740 3946 frumentum
771 3907 807 3945 ex
837 3886 919 3962 agris
949 3884 1083 3959 quotidie
1113 3884 1145 3940 in
1168 3891 1272 3944 castra

262 3970 440 4031 conferebat
473 3978 518 4045 et,
559 3991 627 4046 quae
661 3972 844 4048 gravissime
885 3968 1009 4029 afflictae
1043 3975 1130 4026 11111
1162 3989 1270 4045 naves,

262 4077 368 4116 earum
390 4058 517 4115 materia
540 4064 632 4132 atque
655 4076 716 4116 aere
739 4056 780 4115 ad
800 4056 934 4131 reliquas
958 4051 1138 4112 reficiendas
1163 4056 1270 4114 uteba-
