2967 4609
282 383 344 440 170
586 371 640 425 DE
656 369 785 426 BELLO
805 369 974 426 GALLIOO

363 566 503 626 XXVII.
546 566 664 626 Eodem
686 572 823 642 tempore
847 565 884 624 G.
907 564 1022 624 Fabius
1050 566 1170 643 legatus
1199 585 1280 626 com-

278 654 382 732 plures
405 653 545 714 civitates
567 652 600 711 in
625 651 717 710 fidem
738 650 858 728 recipit,
887 649 1044 710 obsidibus
1072 650 1172 713 firmat
1199 652 1280 712 litte-

278 741 381 816 risque
405 737 443 798 G.
467 737 585 798 Caninii
606 737 709 797 Rebili
730 735 765 794 fit
794 737 913 812 certior,
943 757 1011 812 quaa
1041 737 1072 796 in
1101 738 1281 800 Pictonibus

279 831 434 903 gerantur.
480 823 598 895 Quibus
619 825 712 883 rebus
742 822 873 899 cognitis
902 821 1106 900 proficiscitur
1135 823 1174 883 ad
1197 825 1281 884 auxi·

278 911 353 970 lium
373 909 503 970 Duratio
531 909 699 970 ferendum.
750 907 793 967 At
819 908 997 968 Dumnacus
1030 909 1164 969 adventu
1191 909 1282 970 Fabii

280 997 403 1074 cognito
436 996 601 1074 desperata
634 995 749 1068 salute,
782 994 809 1052 si
842 1001 979 1072 tempore
1015 995 1121 1055 eodem
1155 1002 1281 1056 coactus

283 1089 366 1143 esset
389 1089 420 1141 et
437 1078 627 1154 [Romanum]
652 1088 811 1139 externum
829 1081 982 1140 sustinere
1001 1080 1120 1140 hostem
1137 1087 1168 1141 et
1185 1083 1281 1160 respi-

280 1188 350 1228 cere
372 1188 417 1242 ac
436 1168 543 1228 timere
571 1166 749 1244 oppidanos,
772 1172 897 1242 repente
926 1186 964 1225 ex
988 1185 1027 1238 ,eo
1049 1167 1116 1226 loco
1140 1187 1208 1226 cum
1231 1188 1281 1227 cc·

280 1255 339 1331 piis
352 1253 480 1313 'recedit
500 1273 557 1312 nec
580 1271 613 1312 se
637 1252 712 1311 satis
734 1257 835 1310 tutum
856 1249 923 1310 fore
946 1251 1121 1328 arbitratur,
1144 1253 1203 1312 nisi
1224 1252 1281 1312 flu·

279 1340 360 1399 mine
392 1338 512 1415 Ligeri,
552 1337 633 1414 quod
663 1343 730 1396 erat
756 1343 849 1414 ponte
882 1343 1008 1415 propter
1040 1337 1282 1416 magnitudinem

280 1423 508 1499 transeundum,
533 1423 637 1501 copias
665 1422 862 1482 traduxisset.
912 1421 1029 1482 Fabius
1057 1424 1116 1484 etsi
1147 1424 1282 1485 nondum

279 1511 531 1587 inconspectum
552 1516 679 1570 venerat
700 1508 842 1568 hostibus
870 1528 969 1585 neque
998 1528 1032 1568 sa
1061 1509 1186 1569 Caninio
1211 1531 1280 1570 oon·

277 1595 431 1672 junxerat,
465 1603 567 1655 tamen
600 1595 709 1654 doctus
743 1595 781 1654 ab
813 1594 862 1670 iis,
897 1595 949 1670 qui
976 1595 1111 1655 locorum
1133 1604 1281 1656 noverant

280 1688 429 1757 naturam,
464 1681 657 1759 potissimum
698 1679 829 1740 credidit
861 1680 966 1741 hostes
999 1681 1179 1759 perterritos
1213 1702 1281 1742 eum

280 1768 395 1842 locum,
433 1787 522 1843 quem
549 1769 704 1845 petebant,
738 1766 897 1844 petituros.
935 1762 1060 1843 ¹Itaque
1089 1787 1158 1826 eum
1186 1769 1282 1846 copiis

281 1852 320 1912 ad
343 1853 473 1912 eundem
494 1861 620 1932 pontem
642 1851 799 1912 contendit
820 1852 1048 1928 equitatumque
1071 1859 1189 1912 tantum
1210 1875 1281 1932 pro·

281 1938 390 2000 cedere
419 1946 489 1998 ante
518 1959 627 2016 agmen
653 1939 784 2016 imperat
811 1938 980 2014 legionum,
1016 1945 1162 2014 quantum
1189 1959 1283 2015 quum

280 2025 492 2102 processisset,
524 2026 589 2084 sine
619 2024 837 2101 defatigatione
870 2043 1015 2099 equorum
1047 2025 1079 2083 in
1112 2025 1218 2084 eadem
1248 2046 1282 2086 se

280 2110 431 2187 reciperet
454 2117 563 2169 castra.
610 2108 845 2185 Conseqountnr
866 2109 985 2184 equites
1012 2110 1125 2186 nostri,
1155 2117 1189 2169 ut
1216 2119 1282 2171 erat

281 2202 486 2273 praeceptum,
514 2195 724 2270 invaduntque
751 2194 903 2253 Dumnaci
933 2215 1041 2272 agmen
1069 2202 1100 2255 et
1128 2195 1281 2274 fugientes

280 2281 520 2359 perterritosque
554 2281 610 2341 sub
644 2280 773 2340 sarcinis
806 2280 837 2339 in
869 2280 978 2340 itinere
1006 2280 1144 2360 aggressi
1171 2303 1282 2360 magna

280 2367 387 2445 praeda
409 2367 514 2425 multis
535 2365 707 2426 interfectis
735 2367 900 2444 potiuntur.
946 2367 997 2426 Ita
1023 2387 1057 2428 re
1084 2369 1165 2428 bene
1188 2377 1282 2446 gesta

280 2473 315 2512 se
336 2453 488 2530 recipiunt
509 2453 540 2511 in
563 2460 673 2512 castra.
913 2529 914 2534 η

366 2538 527 2608 XXVIII,
558 2537 738 2614 Insequenti
754 2541 843 2597 nocte
854 2537 969 2596 Fabius
987 2538 1105 2614 equites
1125 2541 1284 2618 praemittit

281 2624 325 2684 sic
352 2631 492 2702 paratos,
521 2631 557 2682 ut
579 2623 778 2701 confligerent
811 2629 902 2698 atque
931 2642 1018 2682 omne
1046 2644 1155 2702 agmen
1184 2646 1283 2686 mora-

199 2742 201 2746 ·
280 2717 395 2785 rentur,
419 2709 491 2768 dum
510 2717 748 2786 consequeretur
765 2708 841 2786 ipse.
871 2707 966 2785 Cujus
984 2711 1148 2788 praeceptis
1165 2719 1200 2770 ut
1216 2731 1283 2772 mos

281 2802 448 2873 gereretur,
468 2795 504 2866 Q.
524 2795 616 2854 Atius
633 2795 751 2870 Varus,
769 2793 935 2870 praefectus
949 2796 1100 2872 equitum,
1119 2797 1283 2874 singularis

282 2889 313 2939 et
346 2881 438 2939 animi
470 2887 502 2939 et
533 2879 703 2958 prudentiae
736 2881 799 2955 vir,
833 2899 905 2941 suos
939 2880 1078 2940 hortatur
1113 2903 1283 2960 agmenque

281 2967 415 3025 hostium
433 2972 616 3026 consecutus
638 2974 754 3025 turmas
776 2967 887 3043 partim
904 2965 1021 3025 idoneis
1044 2967 1120 3027 locis
1138 2968 1283 3046 disponit,

281 3053 394 3130 partim
416 3052 552 3128 equitum
578 3052 719 3130 proelium
748 3053 916 3112 committit.
963 3051 1106 3130 Confligit
1134 3054 1282 3114 audacius

282 3138 437 3213 equitatus
458 3137 593 3197 hostium
615 3136 850 3198 succedentibus
873 3138 932 3196 sibi
953 3138 1118 3215 peditibus,
1142 3141 1194 3215 qui
1216 3147 1289 3200 toto·

282 3225 402 3300 agmine
425 3224 629 3284 subsistentes
652 3224 805 3300 equitibus
830 3224 894 3282 suis
917 3231 1023 3283 contra
1039 3231 1160 3284 nostros
1178 3225 1283 3286 ferunt

285 3310 438 3368 auxilium.
483 3309 534 3368 Fit
555 3310 696 3387 proelium
723 3309 788 3369 acri
816 3310 997 3384 certamine;
1027 3329 1157 3387 namque
1184 3313 1284 3371 nostri

282 3395 464 3473 contemptis
486 3394 584 3472 pridie
606 3396 758 3473 superatis
781 3394 921 3455 hostibus
944 3415 1035 3472 quum
1067 3397 1213 3472 subsequi
1239 3398 1282 3456 le-

282 3481 389 3556 giones
421 3481 645 3557 meminissent,
679 3488 711 3540 et
742 3480 859 3559 pudore
893 3481 1020 3541 cedendi
1054 3487 1085 3540 et
1115 3482 1283 3561 cupiditate

282 3586 337 3644 per
377 3585 431 3639 se⁸
451 3565 633 3626 conficiendi
671 3567 771 3645 proelii
810 3565 979 3626 fortissime
1017 3573 1124 3627 contra
1161 3567 1283 3647 pedites
1329 3625 1331 3631 ,

284 3650 475 3730 proeliantur,
503 3652 669 3728 hostesque
696 3651 773 3711 nihii
801 3653 930 3730 amplius
959 3653 1113 3731 copiarum
1140 3673 1282 3714 accessu-

281 3757 349 3796 rum
372 3736 541 3813 credentes,
564 3745 599 3797 ut
619 3738 718 3815 pridie
740 3745 956 3815 cognoverant,
979 3738 1101 3798 delendi
1128 3740 1283 3816 equitatus

281 3823 379 3882 nostri
400 3823 483 3882 nacti
506 3823 697 3883 occasionem
718 3823 911 3884 videbantur.

367 3908 492 3966 XXIX.
527 3908 627 3979 Quum
649 3908 835 3984 aliquamdiu
858 3929 976 3968 summa
992 3910 1184 3970 contentione
1196 3910 1284 3971 dimi·

284 4000 415 4067 caretur,
436 3992 614 4053 Dumnacus
637 3994 761 4052 instruit
783 3995 888 4070 aciem,
913 4014 981 4071 quae
1004 3995 1068 4054 suis
1092 4003 1175 4056 esset
1198 3997 1283 4073 equi-

282 4076 365 4150 tibus
386 4077 419 4134 in
440 4077 538 4138 vicem
560 4078 719 4157 praesidio,
751 4099 844 4154 quum
864 4088 996 4158 repente
1019 4079 1166 4142 confertae
1188 4083 1284 4160 legio-
