2967 4609
678 378 798 432 LIBER
815 380 865 434 IV.
1212 391 1252 449 67

241 572 335 633 bilem
356 579 470 631 motum
491 572 649 647 haberent,
673 572 713 629 ad
734 579 841 631 nutum
864 581 895 632 et
925 575 964 632 ad
991 581 1112 653 tempus
1143 598 1246 637 omnes

240 678 292 717 res
315 660 352 717 ab
374 658 413 716 iis
437 656 730 716 administrarentur.
776 658 834 717 His
858 658 992 719 dimissis
1016 667 1047 719 et
1068 669 1193 722 ventum
1216 671 1248 723 et
1346 721 1348 726 .

172 796 178 809 .
243 751 350 803 aestum
377 763 437 801 uno
470 748 606 820 tempore
639 749 748 801 nactus
783 743 964 819 secundum,
998 744 1070 805 dato
1100 745 1186 825 signo
1216 756 1247 808 et

243 830 371 889 sublatis
394 828 513 887 ancoris
537 828 657 887 circiter
685 828 769 887 milia
785 840 932 906 passuum
959 830 1024 890 VII
1053 833 1091 890 ab
1116 852 1150 891 eo
1178 834 1245 892 loco

241 934 425 994 progressus
448 921 554 991 aperto
578 934 613 973 ac
636 914 726 991 plano
750 914 840 973 litore
862 935 958 976 naves
982 917 1149 975 constituit.

327 1000 448 1060 XXIV.
492 999 536 1056 At
567 999 690 1059 barbari
724 999 850 1059 consilio
883 1002 1090 1060 Romanorum
1113 1003 1245 1080 cognito,

241 1086 399 1164 praemisso
423 1084 560 1159 equitatu
582 1091 614 1143 et
636 1084 810 1160 essedariis,
843 1106 901 1161 quo
929 1087 1107 1164 plerumque
1134 1108 1247 1165 genere

242 1172 272 1229 in
293 1171 408 1249 proeliis
430 1170 476 1228 uti
499 1176 698 1245 consvertmt,
727 1170 852 1245 reliquis
882 1172 990 1250 copiis'
1007 1174 1163 1232 subsecuti
1192 1194 1246 1233 no-

243 1264 322 1315 stros
344 1256 474 1317 navibus
497 1255 601 1332 egredi
622 1256 833 1333 prohibebant.
885 1258 963 1316 Erat
992 1259 1030 1317 ob
1058 1259 1114 1317 has
1138 1280 1247 1319 causas

243 1362 359 1401 summa
391 1340 571 1416 difficultas,
608 1340 689 1417 quod
721 1361 817 1401 naves
850 1350 977 1421 propter
1009 1344 1248 1421 magnitudinem

162 1466 164 1469 -
242 1428 300 1487 nisi
321 1428 353 1486 in
376 1428 437 1486 alto
462 1427 606 1485 constitui
628 1446 689 1485 non
716 1433 873 1504 poterant,
904 1428 1051 1487 militibus
1080 1437 1180 1489 autem
1202 1432 1252 1508 ig-v

241 1514 321 1573 notis
353 1512 439 1586 locis,
473 1511 628 1589 impeditis
662 1512 802 1571 manibus
836 1534 946 1590 magno
981 1521 1012 1573 et
1039 1516 1128 1592 gravi
1156 1536 1248 1575 onere

243 1618 401 1672 armorum,
425 1597 515 1657 simul
542 1604 573 1655 et
602 1597 640 1655 de
668 1598 798 1657 navibus
827 1598 1028 1657 desiliendum
1056 1607 1087 1659 et
1113 1600 1145 1659 in
1173 1601 1247 1660 fluc-

197 1727 200 1734 -
241 1686 322 1743 tibus
350 1682 577 1742 consistendum
606 1689 636 1741 et
666 1703 735 1741 cum
768 1684 909 1754 hostibus
944 1691 1010 1743 erat
1037 1686 1246 1762 pugnandum,

243 1790 332 1845 quum
354 1769 399 1827 illi
427 1775 479 1827 aut
501 1788 538 1827 ex
561 1766 644 1826 arido
675 1775 727 1827 aut
748 1768 872 1845 paulum
894 1770 926 1827 in
948 1789 1058 1845 aquam
1079 1771 1246 1847 progressi,

242 1855 380 1915 omnibus
413 1854 555 1913 membris
590 1852 756 1931 expeditis,
789 1854 959 1913 notissimis
992 1856 1068 1914 locis
1102 1856 1247 1915 audacter

241 1941 302 1999 tele
324 1939 510 2017 conjicerent
533 1946 563 1997 et
586 1958 679 2014 equos
701 1938 889 2000 insuefactos
911 1940 1082 1999 incitarent.
1128 1940 1245 2012 Quibus

241 2027 331 2085 rebus
374 2026 473 2083 nostri
515 2024 671 2102 perterriti
715 2031 807 2101 atque
851 2024 942 2102 hujus
977 2027 1096 2086 omnino
1125 2028 1246 2103 generis

240 2132 350 2189 pugnae
382 2110 514 2187 imperiti
546 2130 607 2168 non
641 2110 748 2169 eadem
779 2112 938 2170 alacritate
967 2132 1003 2169 ac
1032 2112 1150 2187 studi0,
1186 2132 1245 2187 quo

240 2198 271 2256 in
292 2195 487 2275 pedestribus
509 2196 554 2253 uti
575 2196 691 2273 proeliis
716 2203 908 2272 consverant,
931 2196 1115 2255 nitebantur.

323 2281 427 2341 XXV.
463 2280 552 2351 Quod
568 2280 621 2340 ubi
634 2280 738 2340 Oaeser
761 2282 984 2357 animadvertit,
1008 2303 1104 2343 naves
1126 2282 1245 2359 longas,

240 2388 367 2443 quarum
389 2374 419 2425 et
442 2366 560 2444 species
583 2374 648 2426 erat
670 2367 810 2425 barbaris
833 2368 1006 2425 inusitatior
1029 2374 1060 2426 et
1082 2374 1183 2426 motus
1207 2367 1247 2426 ad

235 2472 324 2512 usum
347 2452 524 2529 expeditior,
548 2453 674 2529 paulum
698 2453 848 2512 removeri
876 2452 914 2510 ab
945 2452 1092 2510 onerariis
1114 2453 1246 2511 navibus

237 2546 268 2597 et
288 2540 380 2597 remis
402 2537 523 2596 incitari
546 2544 577 2597 et
600 2537 745 2596 adlatus
769 2543 909 2613 apertum
938 2537 1073 2595 hostium
1100 2538 1246 2595 constitui

237 2631 328 2699 etque
349 2622 420 2682 inde
442 2622 557 2699 fundis,
582 2622 715 2699 sagittis,
737 2622 900 2681 tormentis
929 2622 1035 2681 hostes
1057 2623 1187 2699 propelli
1211 2642 1247 2681 ac

237 2709 419 2769 summoveri
447 2708 555 2784 jussit;
592 2728 659 2783 quee
695 2727 746 2766 res
780 2728 890 2784 magno
926 2709 997 2767 usui
1029 2708 1143 2767 nostris
1178 2706 1246 2766 fnit.

237 2794 316 2854 Nam
345 2800 376 2852 et
401 2794 525 2853 navium
552 2792 650 2870 figura
678 2800 708 2851 et
735 2787 887 2852 remorum
919 2800 1005 2853 motu
1039 2800 1069 2851 et
1097 2794 1246 2852 inusitato

237 2898 348 2959 genere
385 2886 603 2941 tormentorum
640 2879 770 2955 permoti
807 2880 931 2938 barbari
972 2880 1175 2938 constiterunt
1211 2899 1247 2938 ac

237 2966 361 3044 paulum
382 2964 471 3023 modo
500 2964 610 3041 pedem
638 2966 816 3024 retulerunt.
866 2966 970 3040 Atque
998 2965 1112 3023 nostris
1142 2964 1247 3022 militi-

236 3053 295 3110 bus
328 3050 557 3125 cunctantibus,
593 3050 722 3109 maxime
755 3057 881 3127 propter
915 3050 1107 3108 altitudinem
1138 3050 1245 3123 maris,

238 3137 289 3213 qui
311 3136 436 3195 decimae
458 3131 587 3213 legionis
610 3135 741 3210 aquilam
769 3134 905 3209 ferebat,
938 3141 1127 3193 contestatus
1158 3133 1245 3208 deos,

237 3228 272 3280 ut
304 3242 340 3280 ea
372 3241 423 3280 res
455 3221 568 3298 legioni
601 3220 731 3279 feliciter
773 3220 922 3280 eveniret:
957 3219 1102 3293 Desilite,
1131 3218 1244 3293 inquit,

237 3306 358 3383 milites,
381 3306 441 3365 nisi
463 3306 557 3367 vultis
581 3306 711 3383 aquilam
732 3305 873 3364 hostibus
896 3303 1049 3381 prodere,¹
1072 3324 1128 3379 ego
1160 3310 1246 3362 certe

237 3412 337 3451 meum
358 3393 402 3450 rei
423 3392 553 3469 publicae
577 3400 668 3467 atque
695 3391 872 3467 imperatori
901 3388 1036 3448 officium
1057 3390 1244 3466 praestitero.

237 3478 306 3536 Hoc
339 3498 431 3553 quum
463 3498 539 3538 voce
572 3498 683 3555 magna
717 3476 860 3551 dixisset,
891 3495 923 3535 se
953 3495 991 3534 ex
1017 3476 1091 3536 navi
1112 3469 1247 3554 projecit

239 3570 330 3637 atque
351 3563 383 3621 in
405 3562 509 3622 hostes
539 3564 670 3638 aquilam
697 3561 779 3622 ferre
807 3562 908 3640 coepit.
964 3561 1042 3620 rum
1068 3562 1166 3619 nostri
1197 3579 1266 3620 co-·

237 3648 351 3707 hortati
372 3648 452 3706 inter
480 3668 528 3723 se,
557 3669 595 3707 ne
622 3654 741 3707 tantum
769 3647 903 3707 dedecus
936 3646 1155 3721 admitteretur,
1178 3646 1245 3703 uni-

238 3734 321 3793 versi
343 3754 381 3792 ex
401 3733 473 3793 nari
496 3733 695 3808 desiluerunt;
719 3734 776 3793 hos
797 3734 871 3792 item
893 3752 931 3791 ex
952 3733 1097 3810 proximis
1118 3726 1243 3809 [primis]

238 3818 368 3879 navibus
391 3839 482 3894 quum
505 3819 751 3896 conspexissent,
780 3818 937 3878 subsecuti
963 3815 1103 3877 hostibus
1132 3834 1243 3892 appro-

238 3904 433 3981 pinquarunt.
977 3929 998 3970 tr
1044 3978 1080 4025 ¹3*
