2967 4609
253 342 293 399 38
394 362 397 368 -
560 331 612 385 DE
631 330 758 385 BELLO
777 330 946 387 GALLIGO

254 548 345 606 opere
374 527 406 585 in
437 532 557 603 partem
595 545 669 585 casu
702 526 841 600 devenit,
877 547 1006 603 quaeque
1038 527 1137 604 prima
1172 528 1259 605 signa

191 622 194 629 ⁴
254 612 422 691 conspexit,
446 611 486 670 ad
507 612 573 670 haec
597 612 742 688 constitit,
766 633 805 672 ne
827 612 859 671 in
887 612 1061 688 quaerendis
1088 613 1155 688 ¹suis
1183 634 1259 691 pug-

254 698 347 759 nandi
369 705 488 775 tempus
513 697 688 757 dimitteret.
1012 701 1014 707 '

339 782 449 842 XXII.
485 783 642 843 Instructo
667 784 812 859 exercitu,
835 785 934 861 magis
955 783 1061 843 utloci
1080 792 1190 843 natura
1207 784 1258 844 de-

253 871 411 946 lectusque
447 869 533 928 oollis
567 877 598 928 et
630 870 800 928 necessitas
835 870 991 948 temporis,
1027 890 1117 945 quam
1150 880 1184 929 ut
1216 872 1260 929 rei

253 956 393 1017 militaris
426 956 503 1013 ratio
537 962 628 1031 atque
662 955 736 1014 ordo
770 956 960 1033 postulabat,
1004 976 1095 1031 quum
1128 956 1259 1016 diverses

252 1043 398 1119 legiones
423 1041 490 1099 aliae
520 1041 578 1099 alia
610 1041 642 1098 111
669 1048 772 1118 parte,
803 1042 942 1100 hostibus
971 1042 1152 1101 resisterent
1179 1044 1258 1120 sepi-

252 1131 371 1203 busque
416 1126 620 1200 densissimis,
665 1134 699 1185 ut
732 1134 803 1186 ante
837 1126 1126 1201 demonstravimus
1167 1128 1259 1187 inter—

250 1215 344 1291 jectis
367 1218 550 1290 prospectus
572 1212 779 1289 impediretur,
796 1233 901 1288 ¹neque
925 1220 1010 1273 certa
1032 1213 1170 1273 subsidia
1198 1215 1259 1273 col·

254 1299 349 1359 locari
371 1318 479 1374 neque,
514 1298 587 1373 quid
613 1297 645 1356 in
679 1319 799 1374 quaque
832 1308 919 1377 parte
953 1319 1030 1377 opus
1064 1307 1156 1375 esset,
1190 1321 1259 1377 pro-

254 1386 353 1446 videri
374 1403 472 1458 neque
496 1385 533 1442 ab
561 1404 620 1443 uno
654 1384 755 1443 omnia
786 1385 914 1463 imperia
941 1385 1147 1445 administrari
1174 1397 1259 1463 pote·

157 1512 159 1525 ,
254 1478 333 1531 rant.
379 1469 490 1544 ltaque
511 1470 542 1527 in
564 1476 651 1529 tanta
672 1490 773 1529 rerum
794 1471 954 1546 iniquitate
982 1470 1113 1529 fortimae
1137 1492 1258 1547 quoque

255 1563 383 1616 eventus
405 1555 482 1615 varii
505 1557 718 1630 sequebantur.
1297 1603 1301 1609 .

339 1640 468 1700 XXIII.
514 1641 658 1719 Legionis
681 1662 769 1700 nonae
799 1649 830 1701 et
857 1641 982 1700 decimae
1011 1642 1138 1717 milites,
1167 1651 1202 1701 ut
1229 1644 1261 1701 in

254 1728 379 1787 sinistra
408 1733 496 1804 parte
517 1727 593 1786 aciei
621 1728 829 1803 constiterant,
857 1728 928 1805 pilis
957 1728 1076 1787 emissis
1105 1748 1196 1787 cursu
1225 1750 1260 1787 ac

253 1813 433 1873 lassitudine
461 1814 648 1871 exanimatos
676 1814 914 1889 vulneribusque
950 1813 1106 1874 confectos
1128 1814 1259 1873 Atreba—

253 1904 301 1959 tes
336 1898 418 1971 (nam
451 1898 488 1956 iis
522 1918 559 1957 ea
590 1917 663 1976 pars
691 1898 868 1969 obvenerat)
898 1899 1038 1958 celeriter
1061 1920 1098 1958 ex
1120 1900 1186 1959 loco
1211 1920 1260 1960 su-

254 1986 374 2063 periore
396 1984 427 2042 in
449 1982 561 2043 flumen
579 1986 800 2062 ,compulerunt
828 1991 859 2044 et
886 1985 1017 2043 transire
1047 1994 1192 2046 conantes
1214 1987 1258 2044 in-

255 2071 353 2129 secuti
385 2068 495 2146 gladiis
528 2090 669 2146 magnam
698 2079 817 2147 partem
846 2090 949 2129 eorum
970 2071 1147 2148 impeditam
1168 2073 1260 2131 inter-

256 2154 404 2214 fecerunt.
449 2154 516 2232 Ipsi
538 2156 668 2214 transire
690 2155 802 2214 flumen
829 2175 889 2214 non
919 2154 1136 2217 dubitaverunt
1169 2167 1200 2217 et
1228 2158 1260 2217 in

254 2242 354 2301 locum
375 2240 511 2316 iniquum
531 2241 687 2318 progressi
717 2261 824 2301 rursus
851 2241 1031 2301 resistentes
1059 2243 1163 2301 hostes
1192 2243 1260 2302 red-

255 2328 406 2404 integrato
440 2327 547 2403 proelio
579 2327 611 2385 in
645 2325 749 2404 fugam
782 2326 987 2403 conjecerunt.
1044 2328 1124 2387 Item
1147 2330 1207 2389 alia
1228 2330 1260 2387 in
1366 2357 1369 2363 ·

254 2420 342 2491 parte
366 2413 497 2473 diversae
521 2412 589 2471 duae
619 2413 766 2490 legiones,
796 2413 955 2472 undecima
982 2420 1013 2473 et
1042 2423 1161 2490 octava,
1193 2436 1262 2493 pro·
1478 2405 1479 2416 ¹

254 2498 368 2576 fligatis
401 2498 639 2574 Veromanduis,
682 2500 862 2575 quibuscum
896 2508 984 2557 erant
1017 2502 1190 2577 congressi,
1225 2520 1262 2559 ex

257 2586 327 2645 loco
373 2584 530 2661 superiore
574 2585 606 2643 in
649 2585 725 2662 ipsis
758 2583 890 2643 fluminis
924 2585 1000 2662 ripis
1033 2586 1262 2663 praeliabantur.

255 2672 299 2729 At
321 2671 393 2729 totis
416 2669 480 2728 fere
504 2692 522 2728 a
544 2669 644 2729 fronte
668 2678 698 2728 et
727 2672 765 2728 ab
794 2671 919 2729 sinistra
947 2677 1034 2748 parte
1063 2672 1185 2731 nudatis
1214 2693 1263 2731 ca·

256 2756 338 2830 stris,
374 2776 466 2831 quum
499 2756 530 2814 in
564 2754 670 2815 dextro
705 2776 799 2815 cornu
826 2756 906 2833 legio
936 2756 1115 2816 duodecima
1143 2764 1175 2815 et
1201 2778 1263 2817 non

256 2862 366 2918 magno
406 2842 444 2900 ab
485 2860 520 2899 ea
558 2841 718 2901 intervallo
761 2842 890 2919 septima
905 2912 909 2919 .
923 2843 1126 2917 constitisset,
1160 2862 1265 2902 omnes

256 2927 364 2986 Nervii
409 2925 632 2985 confertissimo
678 2927 799 3003 agmine
843 2927 920 2985 duce
953 2928 1165 3005 Boduognato,
1210 2930 1263 3004 qui

257 3033 406 3072 summam
429 3013 548 3090 imperii
570 3014 703 3087 tenebat,
739 3013 779 3071 ad
808 3033 876 3071 eum
904 3014 1004 3071 locum
1026 3014 1262 3088 contenderunt,

259 3119 386 3175 quorum
415 3118 487 3175 pars
517 3105 621 3175 aperto
652 3098 749 3157 latere
776 3099 912 3176 legiones
941 3099 1169 3175 circumvenire,
1192 3120 1264 3177 pars

258 3204 408 3243 summum
431 3190 601 3243 castrorum
623 3184 724 3243 locum
746 3192 851 3262 petere
875 3185 976 3262 coepit.

346 3270 468 3329 XXIV.
521 3270 638 3329 Eodem
671 3277 809 3348 tempore
843 3269 961 3346 equites
993 3271 1092 3329 nostri
1125 3271 1263 3347 levisque

261 3363 421 3415 armaturae
444 3355 574 3434 pedites,
599 3357 650 3431 qui
673 3376 742 3415 cum
764 3357 802 3414 iis
824 3377 885 3415 una
907 3355 1039 3432 fuerant,
1070 3376 1146 3431 quos
1168 3358 1265 3435 primo

258 3441 391 3501 hostium
412 3443 529 3518 impetu
550 3441 656 3519 pulsos
680 3441 824 3517 dixeram,
849 3462 941 3517 quum
968 3462 1002 3500 se
1030 3442 1060 3500 in
1090 3450 1191 3501 castra
1218 3462 1266 3502 re-

259 3528 404 3605 ciperent,
429 3527 568 3588 adversis
590 3527 729 3587 hostibus
754 3529 955 3586 occurrebant
977 3548 1013 3587 ac
1041 3548 1147 3587 rursus
1176 3528 1266 3587 aliam

258 3612 289 3671 in
312 3620 430 3690 partem
451 3612 557 3689 fugam
568 3614 723 3690 petebant,
748 3620 780 3671 et
802 3614 933 3687 calones,
957 3614 1009 3689 qui
1032 3614 1070 3672 ab
1099 3614 1266 3673 decumana

258 3706 348 3776 porta
382 3719 417 3757 ac
451 3718 567 3757 summo
597 3698 673 3776 jugo
709 3699 795 3757 collis
829 3706 951 3758 nostros
985 3700 1119 3758 victores
1153 3698 1267 3758 flumen

163 3840 165 3846 ,
259 3785 408 3843 transisse
431 3791 662 3862 conspexerant,
697 3784 856 3862 praedandi
889 3805 983 3857 causa
1016 3785 1143 3862 egressi,
1175 3806 1267 3861 quum

259 3871 469 3948 respexissent
493 3878 523 3927 et
545 3871 650 3928 hostes
679 3870 711 3929 in
739 3871 854 3929 nostris
883 3871 992 3930 castris
1026 3872 1145 3931 versari
1172 3857 1266 3931 vidis-

212 3968 216 3974 ·
260 3963 338 4030 sent,
366 3955 541 4033 praecipites
572 3954 654 4031 fugae
685 3974 754 4014 sese
781 3956 976 4015 mandabant.
1028 3955 1124 4014 Simul
1153 3977 1265 4032 eorum,

260 4040 313 4115 qui
347 4060 415 4099 oum
448 4040 672 4117 impedimentis
706 4041 884 4116 veniebant,
921 4042 1032 4101 clamor
1066 4040 1266 4118 fremitusque
