2967 4609
655 383 775 437 LIBER
793 384 815 437 I.
1210 393 1250 450 25

224 576 334 635 iterum
372 577 521 652 colloquio
561 576 640 637 diem
679 578 879 654 constitueret
911 586 978 655 aut,
1017 579 1044 637 si
1082 579 1115 637 id
1152 580 1251 638 minus

223 663 326 737 vellet,
363 684 378 722 e
408 664 471 721 suis
501 660 629 740 [legatis]
659 664 789 739 aliquem
819 665 859 723 ad
891 684 924 723 se
957 665 1100 724 mitteret.
1153 664 1251 726 Collo—

226 748 337 823 quendi
371 747 484 809 Oaesari
518 769 611 809 causa
643 748 711 809 visa
742 770 804 808 non
831 758 879 809 est
908 758 939 809 et
966 771 1001 809 eo
1029 752 1136 827 magis,
1171 752 1253 826 quod
1308 765 1309 768 ’

224 832 322 911 pridie
356 833 421 909 ejus
456 834 516 893 diei
549 835 693 895 Germani
725 836 850 894 retineri
882 856 943 895 non
975 843 1146 914 potuerant,
1181 838 1253 912 quin

224 920 256 977 in
277 927 398 992 nostros
420 921 483 979 tela
506 920 700 997 conjicerent.
752 922 904 998 Legatum
926 943 942 981 e
964 922 1028 980 suis
1052 942 1120 981 sese
1142 942 1252 999 magno

226 1025 293 1063 cum
320 1006 454 1083 periculo
483 1007 521 1065 ad
550 1028 618 1065 eum
644 1008 807 1065 missurum
835 1015 866 1065 et
892 1008 1063 1067 hominibus
1097 1008 1172 1067 feris
1201 1010 1253 1067 ob·

221 1091 375 1167 jecturum
408 1092 608 1151 existimabat.
675 1092 957 1153 Commodissimum
994 1094 1093 1153 visum
1133 1102 1181 1153 est
1214 1093 1251 1153 G.

224 1177 380 1236 Valerium
416 1179 589 1255 Procillum,
630 1179 666 1238 G.
700 1179 805 1239 Valeri
845 1179 957 1238 Caburi
994 1178 1097 1254 filium,
1138 1200 1254 1238 summa

224 1263 337 1323 virtute
371 1271 401 1323 et
433 1265 620 1323 humanitate
654 1264 878 1324 adolescentem
911 1265 1010 1343 (cujus
1048 1275 1136 1343 pater
1169 1287 1187 1324 a
1215 1266 1252 1329 G.

225 1348 347 1410 Valerio
375 1350 488 1409 Flacco
517 1350 641 1409 civitate
670 1351 799 1410 dunatus
828 1351 914 1425 erat),
950 1360 981 1411 et
1012 1360 1137 1429 propter
1163 1351 1255 1409 fidem

226 1441 256 1493 et
289 1442 412 1512 propter
444 1436 556 1512 linguae
591 1436 721 1497 Gallicae,
754 1437 925 1513 scientiam,
967 1458 1027 1513 qua.
1067 1439 1161 1496 multa
1190 1437 1255 1513 jam

226 1520 400 1580 Ariovistus
440 1522 604 1598 longinqua
644 1522 863 1582 consuetudine
902 1525 1060 1598 utebatur,
1105 1531 1136 1582 et
1174 1523 1255 1599 quod

226 1606 257 1664 in
290 1626 325 1665 eo
358 1608 507 1685 peccandi
541 1608 701 1667 Germanis
741 1629 833 1667 causa
873 1630 932 1667 non
967 1617 1063 1684 esset,
1109 1610 1148 1667 ad
1188 1630 1256 1668 eum
1291 1627 1293 1634 ¹

226 1692 346 1751 mittere
380 1700 411 1752 et
437 1694 479 1751 M.
503 1694 638 1770 Matium,
674 1694 725 1769 qui
757 1694 890 1771 hospitio
922 1695 1070 1755 Ariovisti
1102 1696 1254 1753 utebatur.

226 1778 284 1835 His
312 1779 476 1855 mandavit,
510 1786 553 1856 ut,
589 1801 656 1855 quae
686 1780 803 1840 diceret
824 1780 1006 1853 Ariovistus,
1036 1788 1256 1856 cognoscerent

227 1871 258 1921 et
291 1864 330 1921 ad
363 1884 396 1923 se
428 1864 586 1925 referrent.
649 1866 733 1937 Quos
773 1886 866 1941 quum
898 1866 979 1944 apud
1013 1885 1046 1925 se
1079 1866 1110 1923 in
1145 1866 1254 1925 castris

226 1948 400 2009 Ariovistus
446 1953 665 2029 conspexisset,
711 1953 847 2011 exercitu
890 1972 945 2011 suo
988 1959 1141 2030 praesente
1186 1972 1256 2010 con-

228 2036 384 2095 clamavit:
421 2037 501 2107 Quid
534 2037 573 2095 ad
607 2058 640 2097 se
673 2038 833 2097 venirent?
868 2060 906 2096 an
937 2038 1115 2117 speculandi
1144 2036 1256 2096 causa?

228 2118 388 2181 Conantes
406 2122 507 2183 dicere
528 2124 684 2202 prohibuit
707 2124 791 2183 etin
814 2125 938 2184 catenas
962 2124 1101 2201 conjecit.

313 2208 466 2267 XLVIII.
521 2210 639 2269 Eodem
672 2210 721 2269 die
757 2217 859 2269 castra
890 2211 1042 2288 promovit
1074 2217 1105 2269 et
1137 2209 1259 2268 milibus

227 2312 373 2370 passuum
411 2315 466 2353 sex
500 2316 517 2354 a
553 2294 684 2355 Oaesaris
729 2297 839 2355 castris
878 2298 935 2355 sub
974 2302 1077 2355 monte
1111 2294 1257 2355 consedit.

228 2378 379 2439 Postridie
413 2380 479 2457 ejus
513 2381 572 2440 diei
605 2388 718 2459 praeter
752 2389 854 2441 castra
883 2382 1013 2440 Caesaris
1048 2401 1120 2439 suas
1154 2381 1258 2457 copias

228 2464 364 2523 traduxit
397 2474 428 2525 et
459 2467 581 2526 milibus
614 2487 762 2545 passuum
794 2467 914 2527 duobus
946 2467 1027 2525 ultra
1060 2486 1128 2525 enm
1158 2472 1260 2524 castra

228 2548 302 2609 fecit
334 2570 369 2610 eo
404 2553 546 2629 consilio,
586 2554 633 2611 uti
664 2552 816 2611 frumento
856 2558 1097 2627 commeatuque,
1138 2550 1188 2626 qui
1222 2570 1260 2609 ex

230 2634 377 2711 Sequanis
417 2646 447 2697 et
479 2639 608 2699 Haeduis
648 2645 888 2717 supportaretur,
930 2638 1083 2708 Gaesarem
1114 2637 1258 2697 interclu-

230 2720 324 2780 deret.
379 2724 428 2782 Ex
462 2746 496 2784 eo
531 2726 579 2783 die
613 2724 678 2785 dies
713 2725 873 2783 continuos
906 2725 1038 2800 quinque
1067 2722 1172 2782 Caesar
1203 2743 1259 2801 pro

230 2809 339 2867 castris
368 2828 439 2869 suas
469 2810 573 2889 copias
603 2811 748 2889 produxit
771 2818 801 2870 et
824 2810 920 2869 aciem
940 2810 1121 2868 instructam
1142 2809 1258 2883 habuit,

229 2899 276 2967 ut,
311 2895 338 2952 si
370 2897 463 2955 vellet
490 2896 665 2957 Ariovistus
693 2897 800 2975 proelio
834 2896 1026 2969 contendere,
1062 2896 1090 2955 ei
1122 2902 1259 2973 potestas

229 2998 290 3036 non
320 2980 450 3041 deesset.
507 2982 679 3042 Ariovistus
707 2983 756 3041 his
787 2983 925 3041 omnibus
954 2982 1061 3040 diebus
1096 2981 1261 3040 exercitum

230 3065 339 3124 castris
384 3068 540 3143 continuit,
586 3069 720 3143 equestri
764 3068 872 3146 proelio
917 3067 1050 3143 quotidie
1095 3066 1259 3125 contendit.

231 3149 335 3210 Genus
367 3153 425 3212 hoc
459 3161 525 3213 erat
557 3174 678 3233 pugnae,
714 3175 772 3230 quo
790 3174 840 3228 ¹se
875 3154 1018 3213 Germani
1052 3157 1258 3211 exercuerant.

230 3236 375 3311 Equitum
403 3240 486 3298 milia
514 3246 601 3299 erant
630 3260 700 3315 sex,
734 3239 862 3300 totidem
883 3259 1007 3297 numero
1035 3238 1154 3315 pedites
1176 3237 1258 3295 velo·

231 3321 344 3381 cissimi
378 3345 413 3384 ac
446 3324 612 3400 fortissimi,
648 3344 723 3401 quos
758 3347 795 3384 ex
828 3325 908 3385 omni
942 3324 1029 3401 copia
1059 3322 1171 3399 singuli
1199 3322 1259 3380 sin-

230 3408 317 3483 gulos
352 3432 414 3469 suae
450 3411 557 3471 salutis
592 3432 685 3470 causa
719 3411 910 3488 delegerant:
944 3430 1019 3468 cum*
1043 3409 1092 3467 his
1120 3409 1152 3466 in
1181 3428 1260 3486 proe-
1372 3476 1375 3480 ἱ

229 3492 279 3551 liis
313 3498 523 3572 versabantur,
559 3497 596 3556 ad
631 3517 683 3557 eos
713 3518 747 3555 se
777 3498 894 3573 equites
922 3495 1124 3573 recipiebant3
1159 3494 1199 3570 hi,
1235 3493 1262 3551 si

231 3580 304 3655 quid
337 3589 402 3641 erat
435 3583 549 3658 durius,
592 3584 827 3657 concurrebant,
869 3583 896 3641 si
930 3582 982 3658 qui
1019 3582 1159 3659 graviore
1194 3579 1260 3638 vul-

229 3685 303 3725 nere
337 3676 462 3746 accepto
496 3688 572 3743 equo
607 3669 778 3745 deciderat,
820 3664 1118 3740 circumsistebant3¹
1141 3666 1167 3724 si
1200 3684 1259 3738 quo

232 3759 298 3811 erat
325 3754 444 3831 longius
466 3755 676 3831 prodeundum
705 3762 758 3815 aut
780 3755 909 3814 celerius
931 3753 1147 3831 recipiendum,
1175 3757 1261 3808 tanta

230 3845 296 3897 erat
328 3840 435 3899 horum
468 3840 685 3901 exercitatione
725 3842 880 3916 celeritas,
919 3848 954 3899 ut
988 3840 1073 3915 jubis
1118 3856 1262 3911 equorum

231 3924 384 3985 sublevati
407 3946 529 3985 cursum
552 3926 765 4002 adaequarent.-

315 4012 436 4072 XLIX.
481 4012 543 4071 Ubi
566 4033 634 4071 eum
657 4013 767 4072 castris
790 4032 823 4071 se
846 4019 950 4070 tenere
974 4009 1079 4067 Caesar
1099 4007 1258 4082 intellexit,

229 4116 269 4155 ne
308 4098 421 4157 diutius
463 4106 630 4157 commeatu
662 4098 890 4176 prohiberetur,
931 4095 1011 4153 ultra
1050 4114 1119 4153 eum
1150 4094 1260 4168 locum,
