2967 4609
583 337 786 393 nmearu.
1140 353 1199 412 151

194 531 295 607 milia;
331 532 471 592 Aulercis
505 531 684 592 Cenomanis
717 535 858 609 totidem;
902 537 1103 598 Atrebatibus
1138 539 1200 615 1V3

194 615 388 678 Veliocassis
421 618 562 693 totidem,
597 619 812 680 Lemovicibus
852 628 882 680 et
912 622 1054 682 Aulercis
1083 624 1202 684 Eburo·
1293 643 1295 646 ·

200 704 318 764 vicibus
330 713 432 778 terna,
444 703 594 764 Rauracis
606 712 637 764 et
648 704 735 781 Bojis
753 706 825 766 bina
832 727 839 782 3
852 707 950 766 XXX
962 709 1114 769 universis
1128 711 1201 772 civi-

198 791 327 866 tatibus,
351 810 419 866 quae
442 789 598 849 Oceanum
619 791 774 868 attingrmt
796 812 925 869 quaeque
948 813 1051 852 eorum
1075 815 1201 856 consve—

201 877 306 935 tudine
327 876 493 936 Armoricae
516 877 718 954 appellantur,
741 898 800 953 quo
829 886 901 938 sunt
928 879 960 938 in
987 900 1111 940 numero
1143 881 1201 940 Ou-

201 961 362 1038 riosolites,
385 962 538 1038 Redones,
573 963 753 1037 Ambibarii,
785 962 915 1039 Caletes,
947 963 1069 1041 Osismi,
1104 967 1202 1026 Lexo-

202 1047 255 1122 vii,
288 1048 414 1108 Venelli.
464 1049 512 1106 Ex
541 1048 589 1108 his
617 1049 774 1108 Bellovaci
818 1068 908 1109 suum
941 1071 1098 1110 numerum
1139 1073 1201 1112 uon

201 1132 437 1211 compleverunt,
461 1133 541 1209 quod
564 1154 598 1194 se
621 1154 676 1194 suo
704 1134 825 1194 nomine
853 1143 944 1212 atque
973 1137 1098 1197 arbitrio
1132 1157 1200 1197 cum
1314 1193 1316 1197 .

200 1218 347 1279 Romanis
368 1220 481 1278 bellum
503 1221 794 1297 gesturosdicerent
822 1241 921 1297 neque
944 1222 1125 1299 cujusquam
1147 1224 1201 1284 im-

200 1305 287 1382 perio
300 1298 580 1384 obtemperaturos,
604 1307 704 1384 rogati
726 1314 829 1366 tamen
851 1308 888 1366 ab
909 1307 1042 1368 Commio
1061 1330 1116 1386 pro
1135 1309 1202 1386 ejus

200 1390 336 1468 hospitio
359 1389 417 1450 duo
439 1391 523 1450 milia
544 1413 605 1451 una
627 1393 785 1452 miserunt.

288 1475 436 1536 LXXVI.
481 1477 584 1554 Hujus
619 1499 711 1556 opera
734 1477 870 1554 Commii,
905 1487 940 1538 ut
969 1487 1059 1540 autea
1081 1480 1202 1540 demon-

200 1562 377 1636 stravimus,
398 1561 481 1621 fideli
503 1570 593 1639 atque
615 1564 683 1622 utili
700 1565 907 1640 superioribus
931 1566 1018 1624 annis
1040 1573 1106 1625 erat
1128 1585 1202 1626 usus

200 1649 234 1707 in
253 1647 414 1708 Britannia
437 1646 548 1724 Oaesar,
583 1649 694 1724 quibus
726 1649 777 1709 ille
810 1670 865 1727 pro
899 1651 1015 1710 meritis
1046 1651 1202 1712 civitatem
1283 1691 1285 1696 ·

201 1734 269 1811 ejus
291 1734 454 1792 immunem
481 1753 549 1794 esse
580 1734 732 1811 jusserat,
756 1735 828 1811 jura
855 1736 1000 1813 legesque
1027 1736 1202 1797 reddiderat

199 1825 294 1895 atque
316 1819 375 1897 ipsi
397 1819 532 1879 Morinos
551 1821 740 1880 attribuerat.
791 1821 907 1881 Tamen
937 1828 1024 1882 tanta
1051 1822 1202 1883 universae

202 1905 312 1965 Galliae
335 1905 493 1964 consensio
516 1905 575 1964 fuit
602 1906 752 1966 libertatis
780 1906 970 1968 vindicandae
1005 1915 1036 1967 et
1063 1907 1201 1985 pristinae

201 1992 275 2050 belli
308 1991 407 2050 laudis
440 1990 672 2069 recuperandae,
711 2001 747 2051 ut
786 2012 884 2068 neque
916 1992 1072 2053 beneficiis
1104 2013 1203 2072 neque

200 2077 343 2137 amicitiae
375 2078 520 2136 memoria
551 2085 753 2153 moverentur,
788 2098 952 2154 omnesque
988 2085 1020 2138 et
1052 2079 1150 2139 animo
1174 2087 1205 2139 et

201 2163 312 2240 opibus
334 2163 366 2222 in
386 2162 419 2220 id
440 2163 554 2222 bellum
580 2164 790 2224 incumberent
818 2165 931 2224 coactis
961 2165 1095 2242 equitum
1119 2163 1203 2225 VIII

201 2249 323 2307 milibus
346 2257 377 2307 et
398 2248 534 2326 peditum
557 2249 677 2310 circiter
700 2248 820 2309 OOXL.
865 2251 996 2310 Haecin
1014 2251 1204 2310 Haeduorum

199 2333 313 2393 finibus
359 2336 597 2394 recensebantur
634 2355 838 2412 numerusque
875 2337 1023 2411 lnibatur,
1062 2335 1205 2412 praefecti

200 2420 473 2480 constituebantur.
520 2419 654 2480 Oommio
676 2420 827 2497 Atrebati,
851 2419 1040 2482 Viridomaro
1064 2428 1095 2480 et
1119 2421 1201 2499 Epo·
1308 2433 1309 2440 ’

200 2506 335 2583 redorigi
356 2505 495 2582 Haeduis,
524 2507 811 2567 Vercassivellauno
838 2507 992 2583 Arverno,
1022 2507 1202 2567 consobrino

200 2588 470 2668 Vercingetorigis,
505 2611 623 2651 summa
654 2592 774 2670 imperii
806 2591 945 2652 traditur.
995 2592 1054 2651 His
1093 2591 1204 2652 delecti

200 2697 239 2736 ex
261 2677 435 2738 civitatibus
458 2677 674 2753 attribuuntur,
698 2698 826 2753 quorum
856 2677 980 2737 consilio
1008 2677 1121 2736 bellum
1149 2678 1201 2738 ad-

199 2763 431 2822 ministraretur.
477 2763 590 2822 Omnes
613 2762 729 2823 alacres
760 2769 791 2822 et
817 2761 936 2823 fiduciae
964 2763 1047 2841 pleni
1070 2758 1109 2822 ad
1130 2763 1202 2824 Ale·

200 2850 278 2908 siam
298 2847 547 2926 proficiscuntur,
575 2869 674 2925 neque
697 2856 764 2908 erat
786 2850 917 2909 omnium
939 2850 1117 2927 quIsquam,
1152 2850 1204 2926 qui

200 2942 359 3013 aspectum
379 2934 468 2993 modo
491 2942 585 2994 tantae
607 2935 810 2994 multitudinis
834 2935 977 2996 sustineri
1004 2954 1096 3014 posse
1124 2935 1202 2994 arbi-

202 3028 345 3096 traretur,
376 3021 547 3098 praesertim
580 3021 705 3099 ancipiti
738 3021 860 3099 proelio,
896 3038 988 3097 quum
1021 3041 1057 3080 ex
1088 3020 1200 3098 oppido

200 3107 360 3185 eruptione
382 3113 578 3184 pugnaretur,
601 3103 676 3165 foris
699 3111 793 3165 tantae
817 3107 911 3184 copiae
941 3106 1093 3181 equitatus
1115 3105 1201 3184 pedi-

200 3198 344 3267 tatusque
366 3199 570 3250 cernerentur.

288 3277 455 3336 LXXVII.
484 3277 527 3335 At
542 3277 572 3351 ii,
597 3277 649 3353 qui
666 3276 780 3336 Alesiae
799 3275 1026 3350 obsidebantur,
1044 3276 1203 3354 praeterita

200 3361 262 3438 die,
287 3382 347 3439 qua
369 3383 493 3422 suorum
515 3362 626 3422 auxilia
648 3368 894 3441 expectaverant,
919 3368 1096 3440 consumpto
1120 3362 1201 3420 omni

201 3446 354 3507 frumento
375 3449 473 3524 inscii,
497 3448 570 3525 quid
590 3449 622 3506 in
643 3448 773 3508 Haeduis
800 3454 966 3526 gereretur,
996 3447 1122 3506 concilio
1153 3467 1201 3508 co·

200 3540 270 3592 acto
305 3534 343 3594 de
376 3534 460 3594 exitu
493 3554 617 3593 suarum
650 3533 841 3594 fortunarum
874 3531 1115 3592 consultabant·
1153 3533 1200 3594 Ac

201 3620 295 3678 variis
317 3620 407 3679 dictis
436 3621 603 3695 sententiis,
638 3639 766 3695 quarum
798 3637 870 3698 pars
892 3617 1085 3694 deditionem,
1118 3639 1200 3697 pars,

201 3704 274 3763 dum
295 3705 377 3766 vires
400 3711 608 3783 suppeterent,
632 3705 821 3783 eruptionem
849 3705 1005 3778 censebat,
1033 3724 1094 3764 non
1121 3723 1199 3782 prae-

200 3791 349 3850 tereunda
381 3792 477 3851 oratio
513 3791 682 3867 Critognati
713 3791 835 3851 videtur
873 3797 998 3869 propter
1036 3789 1101 3866 ejus
1140 3789 1201 3850 sin-

199 3876 339 3952 gularem
361 3884 394 3936 et'
414 3876 562 3937 nefariam
585 3876 805 3936 crudelitatem.
850 3876 911 3935 Hic
939 3895 1055 3950 summo
1083 3875 1115 3933 in
1142 3873 1200 3934 Ar-

201 3963 304 4022 vernis
326 3970 411 4022 ortus
433 3962 500 4022 loco
523 3970 555 4022 et
576 3982 694 4040 magnae
721 3963 845 4022 habitus
873 3959 1077 4022 auctoritatis:
1107 3958 1200 4035 Nihil,

201 4046 308 4124 inquit,
342 4047 380 4108 de
410 4068 512 4108 eorum
540 4048 691 4107 sententia
719 4047 856 4108 dIcturus
884 4067 960 4121 sum,
984 4045 1035 4120 qui
1058 4046 1199 4124 turpissi-
