2967 4609
631 366 752 421 LIBER
769 368 792 421 Ι.
840 401 851 412 -
1144 386 1147 390 ·
1208 376 1227 431 5

156 607 159 611 ι
196 563 326 623 duxerat
354 568 384 621 et
407 560 578 639 'cupiditate
606 562 693 639 regni
722 561 872 621 adductus
900 562 988 620 novis
1011 562 1103 620 rebus
1127 562 1230 621 stude·

195 650 248 709 bat
287 654 318 707 et
356 667 447 723 quam
479 646 626 725 plurimas
660 647 801 707 civitates
835 666 890 705 suo
924 646 1071 706 beneficio
1116 646 1229 708 habere

170 734 360 793 obstrictas
393 732 525 792 volebat.
580 732 689 809 Itaque
722 752 787 791 rem
815 732 945 809 suscipit
973 740 1003 791 et
1032 753 1050 791 a
1079 733 1229 808 Sequanis

194 820 346 897 impetrat,
380 825 415 876 ut
442 836 498 895 per
525 816 602 877 fines
624 837 696 876 suos
719 817 879 877 Helvetios
908 817 953 876 ire
981 818 1146 895 patiantur,
1177 819 1229 877 ob-

194 905 350 979 sidesque·
363 903 407 962 uti
429 903 509 961 inter
532 922 600 963 sese
623 902 705 977 dent,
729 901 862 981 perficit:
895 901 1036 978 Sequani,
1060 924 1099 963 ne
1120 904 1229 963 itinere

195 990 355 1049 Helvetios
373 988 564 1067 prohibeant,
588 988 734 1063 Helvetii,
758 995 792 1047 ut
812 988 877 1047 sine
893 987 1041 1047 maleficio
1065 997 1096 1047 et
1117 988 1229 1064 injuria

196 1082 363 1146 transeant.
727 1070 731 1078 '

280 1160 322 1219 X.
369 1158 483 1218 Caesari
521 1158 711 1222 renuntiatur
749 1158 902 1218 Helvetiis
943 1177 1012 1217 esse
1052 1160 1084 1217 in
1129 1159 1227 1219 animo
1285 1212 1287 1215 1

194 1264 249 1324 per
278 1264 384 1322 agrum
412 1243 620 1320 Sequanorum
649 1251 679 1302 et
701 1243 889 1303 Haeduorum
917 1244 976 1303 iter
1002 1244 1035 1303 in
1062 1243 1230 1303 Santonum

193 1330 271 1391 fines
301 1329 417 1405 facere,
452 1330 505 1404 qui
526 1349 586 1388 non
609 1329 699 1405 longe
722 1350 740 1387 a
762 1329 950 1388 Tolosatium
971 1328 1083 1389 finibus
1106 1330 1228 1403 absunt,

195 1435 263 1492 quae
297 1416 406 1476 civitas
435 1421 484 1474 est
510 1414 541 1473 in
568 1414 735 1493 provincia.
791 1414 830 1473 Id
859 1416 885 1473 si
913 1413 1009 1489 fieret,
1038 1414 1230 1492 intelligebat

193 1521 303 1579 magno
346 1520 414 1560 cum
446 1499 580 1578 periculo
620 1500 787 1578 provinciae
825 1498 975 1575 futurum,
1020 1508 1055 1559 ut
1092 1500 1229 1559 homines

193 1587 371 1660 bellicosos,
416 1584 521 1663 populi
559 1585 690 1661 Romani
733 1585 887 1660 inimicos,
931 1586 1022 1650 locis,
1052 1586 1229 1663 patentibus

194 1672 383 1748 maximeque
409 1670 616 1729 frumentariis
645 1668 789 1730 finitimos
806 1670 955 1729 haberet.
1012 1670 1059 1731 Ob
1082 1690 1135 1730 eas
1158 1692 1228 1730 cau-

194 1777 246 1818 sas
281 1758 309 1816 ei
340 1755 508 1829 munitioni,
545 1775 635 1831 quam
667 1755 793 1829 fecerat,
827 1756 862 1815 Τ.
891 1756 1061 1815 Labienum
1094 1757 1228 1833 legatum

193 1841 346 1921 praefecit;
391 1842 458 1919 ipse
496 1840 528 1901 in
560 1841 683 1900 Italiam
715 1841 835 1917 magnis
876 1841 1036 1900 itineribus
1073 1840 1229 1900 contendit

194 1928 331 2003 duasque
369 1928 412 1986 ibi
444 1926 581 2003 legiones
616 1926 781 1985 conscribit
814 1934 846 1985 et
878 1933 960 2002 tres,
1006 1947 1074 2002 quae
1116 1926 1229 1985 circum

192 2012 368 2090 Aquileiam
398 2012 588 2087 hiemabant,
618 2032 654 2070 ex
681 2012 818 2070 hibernis
840 2011 944 2071 educit
966 2018 1011 2088 et,
1046 2033 1106 2088 qna
1127 2012 1228 2090 proxi-

193 2118 276 2158 mum
294 2099 367 2157 'iter
399 2098 431 2156 in
463 2096 637 2173 ulteriorem
671 2096 803 2155 Calliam
834 2116 890 2174 per
919 2098 1017 2175 Alpes
1051 2104 1126 2173 erat,
1161 2117 1229 2155 oum

193 2184 242 2243 his
273 2184 405 2259 quinque
433 2182 604 2259 legionibus
633 2183 678 2243 ire
707 2182 872 2242 contendit.
928 2184 978 2242 Ibi
1002 2182 1170 2242 Ceutrones
1199 2190 1230 2241 et
1328 2263 1330 2266 Ι

194 2268 351 2345 Crajoceli
384 2275 415 2327 et
449 2266 610 2345 Caturiges
644 2268 719 2327 locis
754 2268 961 2345 superioribus
992 2269 1148 2347 occupatis
1180 2268 1229 2325 iti-

191 2373 264 2413 nere
303 2355 468 2413 exercitum
509 2354 670 2431 prohibere
709 2361 865 2413 conantur.
934 2353 1146 2432 Compluribus
1165 2352 1229 2433 his

192 2439 316 2517 proeliis.
336 2439 444 2517 pulsis,
479 2440 517 2497 ab
549 2438 652 2513 Ocelo,
687 2438 769 2515 quod
798 2445 846 2497 est
879 2440 1028 2498 citerioris
1062 2438 1227 2516 provinciae

192 2530 375 2599 extremum,
403 2524 435 2582 in
463 2522 540 2587 fines
562 2524 782 2583 Vocontiorum
802 2523 955 2582 ulterioris
983 2523 1149 2602 provinciae
1178 2522 1228 2580 die

192 2610 321 2687 septimo
344 2610 497 2687 pervenit,
521 2608 591 2667 inde
614 2610 646 2667 in
662 2608 861 2685 Allobrogum
882 2607 970 2682 fines,
996 2609 1033 2668 ab
1052 2607 1225 2684 Allobrogi-

191 2696 249 2754 bus
271 2696 303 2753 in
326 2694 512 2771 Segusiavos
535 2694 700 2753 exercitum
719 2693 822 2763 ducit.
878 2694 920 2753 Hi
949 2702 1021 2754 sunt
1050 2701 1137 2752 extra
1157 2712 1227 2771 pro·

194 2780 326 2839 vinciam
347 2786 434 2839 trans
456 2780 639 2839 Rhodanum
661 2779 759 2857 primi.

278 2864 338 2924 XI.
383 2864 518 2925 Helvetii
542 2864 608 2941 jam
635 2885 691 2943 per
721 2864 879 2941 angustias
908 2872 940 2923 et
966 2863 1043 2924 fines
1073 2864 1227 2940 Sequano-

193 2970 261 3009 rum
288 2970 360 3009 suas
390 2951 493 3029 copias
516 2949 715 3011 traduxerant
745 2956 776 3009 et
797 2950 829 3007 in
850 2949 1039 3009 Haeduorum
1060 2948 1137 3009 fines
1159 2970 1228 3027 per-

180 3045 343 3095 ,venerant
376 3055 538 3111 eorumque
579 3054 668 3112 agros
702 3034 935 3113 populabantur.
991 3034 1103 3094 Haedui
1136 3054 1229 3110 quum

193 3139 227 3179 se
261 3138 376 3197 suaque
410 3122 448 3181 ab
481 3120 519 3180 iis
549 3120 718 3180 defendere
752 3139 814 3179 non
846 3127 991 3198 possent,
1036 3122 1154 3196 legatos
1189 3119 1229 3177 ad

193 3204 346 3265 Caesarem
374 3206 498 3264 mittunt
525 3213 665 3283 rogatum
694 3205 851 3264 auxilium:
897 3206 949 3263 Ita
977 3225 1011 3264 se
1038 3204 1118 3263 omni
1152 3210 1227 3263 tem·

191 3309 266 3368 pore
296 3290 333 3351 de
361 3291 473 3369 populo
501 3291 639 3351 Romano
668 3290 793 3349 meritos
816 3308 900 3365 esse,
931 3297 966 3349 ut
992 3309 1081 3367 paene
1103 3290 1134 3348 in
1158 3309 1228 3349 con·

192 3382 301 3453 spectu
341 3376 493 3436 exercitus
532 3377 630 3435 nostri
664 3374 730 3452 agri
762 3375 893 3451 vastari,
937 3375 1027 3434 liberi
1061 3395 1165 3435 eorum
1196 3376 1228 3433 in

194 3462 373 3522 servitutem
418 3460 559 3537 abduci,
591 3460 703 3539 oppida
747 3461 915 3539 expugnari
952 3481 1019 3520 -non
1058 3460 1225 3520 debuerint.

192 3546 311 3607 Eodem
338 3553 474 3625 tempore
506 3544 636 3620 [Haedui]
660 3546 818 3621 Ambarri,
846 3547 1013 3606 necessarii
1041 3555 1072 3605 et
1100 3566 1226 3606 consan-

191 3632 294 3709 gvinei
322 3632 524 3707 Haeduorum,
557 3632 710 3704 Caesarem
738 3632 899 3691 certiorem
927 3632 1044 3692 faciunt
1072 3651 1141 3691 sese
1175 3630 1226 3689 de·

190 3716 344 3795 populatis
373 3718 455 3795 agn's
484 3737 545 3777 non
571 3716 662 3777 facile
692 3718 730 3776 ab
760 3717 880 3795 oppidis
907 3718 970 3779 vim
997 3718 1129 3789 hostium
1158 3735 1226 3792 pro-

175 3802 306 3867 ,hibere
372 3802 454 3862 Item
485 3802 685 3880 Allobroges,
723 3803 776 3877 qui
808 3809 893 3862 trans
926 3802 1110 3861 Rhodanum
1142 3801 1227 3860 vicos

192 3888 468 3965 possessionesque
500 3889 669 3963 habebant,
715 3887 789 3965 tuga
824 3906 858 3947 se
892 3888 930 3946 ad
967 3886 1119 3945 Caesarem
1151 3886 1227 3945 reci-

190 3972 280 4051 piunt
309 3981 341 4032 et
368 3972 578 4033 demonstrant
594 3972 663 4033 vsibi
691 3980 805 4050 praeter
835 3974 901 4049 agri
931 3972 1028 4031 solum
1055 3970 1131 4029 nihil
1158 3990 1227 4030 esse

191 4057 310 4134 reliqui.
370 4058 487 4130 Quibus
520 4060 613 4119 rebus
648 4058 799 4117 adductus
833 4056 938 4116 Caesar
971 4076 1033 4114 non
1064 4063 1227 4133 expectan-
